1970 3452
741 710 874 760 Vita.

137 845 259 881 Natus
284 856 367 881 sum
385 845 597 881 Guilelmus
615 846 709 881 Otto
728 847 954 881 Theodorus
982 846 1015 881 G
1033 858 1054 881 u
1072 846 1180 882 alte
1198 858 1282 882 rus
1309 848 1338 881 Α
1356 859 1406 882 111
1425 847 1476 882 dt
1505 847 1613 883 Duis-

67 903 176 949 burgi
215 915 246 939 a.
281 904 316 939 d.
355 905 451 939 Vlll.
491 905 569 940 Kal.
608 905 691 940 Oct.
731 906 816 940 anni
858 907 946 940 1888
983 910 1087 951 patre
1129 906 1368 940 Ferdinando
1409 906 1486 941 suis
1527 908 1613 940 ante

67 965 138 998 hos
169 963 343 998 undecim
373 975 494 998 annos
526 966 645 999 morte
675 968 914 1009 praematura
947 967 1089 1010 erepto,
1122 968 1241 1000 matre
1272 965 1423 1009 Agnete
1452 976 1471 999 e
1499 966 1613 1009 gente

68 1021 200 1057 Brade.
259 1022 390 1057 Fidem
430 1023 617 1068 profiteor
660 1023 930 1068 evangelicam.

163 1081 387 1117 Litterarum
413 1082 611 1117 elementis
638 1083 803 1117 imbutus
830 1083 863 1116 111
891 1083 1032 1125 schola,
1060 1094 1172 1127 quam
1200 1087 1306 1127 pater
1333 1082 1613 1125 moderabatur,

66 1151 132 1185 per
167 1142 244 1175 ties
279 1152 400 1176 annos
436 1142 625 1186 gymnasii
663 1142 753 1185 regii
795 1142 1107 1186 Duisburgensis,
1146 1153 1210 1186 per
1246 1153 1314 1176 sex
1351 1153 1471 1176 annos
1507 1152 1614 1186 ‚grym-

66 1199 160 1234 nasii
207 1199 300 1245 regii
344 1200 563 1245 joachimici
610 1201 816 1245 discipulus
861 1201 924 1235 tui.

162 1258 320 1294 Aestate
363 1259 449 1294 anni
492 1260 581 1294 1907
627 1260 779 1294 Boumat-
820 1260 954 1294 studiis
998 1259 1229 1304 philologiae
1273 1271 1330 1294 me
1374 1260 1472 1294 dedi.
1531 1260 1613 1294 Ηοε

67 1317 235 1362 quinque
276 1329 398 1353 annos
437 1319 693 1354 universitatis
738 1319 991 1353 sscrolinensis
1030 1314 1120 1353 civis
1162 1319 1214 1353 tui
1257 1319 1494 1353 academicus
1538 1329 1613 1352 11110

66 1377 240 1411 semestri
270 1377 451 1412 hibernali
483 1379 638 1421 190910
668 1380 841 1422 excepto.
884 1380 1007 1417 (Quam
1039 1378 1201 1412 hiemem
1234 1380 1456 1422 praeceptor
1485 1377 1614 1411 dome-

66 1434 183 1470 sticus
224 1435 258 1470 in
299 1436 475 1471 Helvetia
515 1436 638 1471 (jallia
679 1437 781 1471 ltalia
822 1438 950 1481 peregi
992 1448 1074 1471 cum
1116 1436 1258 1471 familia
1298 1437 1343 1471 de
1384 1435 1612 1480 Schmcling,

65 1493 124 1529 cui
177 1494 249 1530 iam
299 1496 496 1531 semestria
546 1495 616 1530 tria
655 1496 918 1530 antecedentia
970 1495 1085 1530 filiam
1126 1498 1162 1530 et
1212 1494 1330 1529 filium
1384 1494 1613 1529 erudiendos

65 1564 296 1589 curaveram.

165 1612 385 1648 Docuerunt
432 1625 490 1648 me
535 1614 597 1648 viri
645 1614 853 1649 doctissimi
899 1615 931 1647 111
977 1614 1180 1658 gymnasio
1227 1614 1332 1658 regio
1379 1613 1613 1657 joachimico

66 1672 244 1717 auspiciis
275 1672 401 1707 Caroli
432 1672 557 1707 Bardti
589 1673 695 1707 Hans
727 1672 932 1713 Diitschke,
963 1673 1057 1707 Otto
1087 1672 1307 1714 Schroeder,
1340 1671 1429 1706 Paul
1460 1671 1612 1715 stengel

66 1730 263 1776 imprimis,
307 1731 461 1766 Bonnae
502 1732 707 1774 Loeschke,
750 1732 870 1773 Marx,
914 1732 950 1765 F.
991 1731 1152 1774 Schultz,
1195 1730 1367 1765 Solmsen
1412 1731 1484 1778 (†),
1525 1730 1613 1764 Wil-

66 1800 200 1825 manns
233 1791 306 1838 (†).
339 1790 501 1825 Berolini
536 1790 702 1830 Dessoir,
736 1791 782 1825 Η.
818 1790 933 1831 Diels,
968 1790 1169 1833 Erdmann,
1203 1789 1422 1830 lmelmann,
1457 1790 1613 1832 Lasson,

66 1847 109 1882 C.
147 1848 316 1892 Meister,
350 1849 464 1892 Mori,
502 1849 539 1883 Ε.
576 1849 743 1891 Norden,
782 1848 969 1891 l'ariselle,
1008 1848 1124 1888 Riehl,
1163 1848 1320 1889 Roethc,
1359 1849 1396 1882 Ε.
1433 1848 1612 1891 Schmidt,

67 1907 119 1942 M.
137 1907 180 1942 C.
199 1907 238 1942 P.
254 1907 435 1950 Schmidt,
465 1909 523 1942 W.
541 1907 709 1949 Schuhe,
738 1908 901 1953 Stumpf,
933 1908 1078 1942 Vahlen
1109 1909 1182 1955 (†),
1212 1907 1395 1946 Wentzel,
1426 1908 1472 1942 de
1501 1907 1614 1941 Wila-

67 1966 526 2002 mowitz-Nloellendortt'.

164 2025 510 2061 Exercitationibus
557 2027 815 2071 grammaticis
860 2030 895 2060 et
945 2025 1243 2071 archaeologicis
1290 2028 1325 2060 et
1372 2023 1528 2059 Bonnae
1578 2027 1613 2059 et

69 2083 231 2120 Berolini
277 2085 440 2120 interfui.
498 2085 701 2120 Erdmanni
748 2085 936 2120 seminarii
979 2084 1296 2130 philosophorum
1342 2086 1378 2119 et
1423 2084 1613 2118 seminarii

66 2143 350 2189 philologorum
390 2144 644 2180 Berolinensis
679 2144 821 2179 sodalis
858 2144 910 2178 fui
945 2144 1156 2178 ordinarius
1193 2154 1258 2188 per
1293 2143 1359 2178 tria
1397 2143 1612 2183 semestria;

66 2213 133 2249 per
167 2214 306 2239 annum
339 2203 528 2239 seminarii
565 2203 847 2248 philologorum
881 2203 1041 2238 senioris
1078 2204 1113 2237 et
1148 2202 1422 2237 bibliothecarii
1459 2212 1613 2237 munere

67 2261 220 2298 functus
262 2272 358 2297 sum.

162 2321 359 2367 Magistris
389 2322 482 2357 meis
511 2333 594 2357 cum
625 2321 802 2356 omnibus
830 2324 908 2356 tum
940 2320 1074 2356 Ottoni
1104 2320 1352 2363 Schroedero,
1385 2320 1612 2362 Erdmanno,

67 2380 250 2416 Nordeno
277 2380 450 2416 Vahleno
474 2380 769 2415 Wilamowitzio
799 2380 979 2423 Dielesio,
1007 2390 1082 2424 quo
1109 2381 1262 2414 auctore
1290 2379 1362 2414 hoc
1388 2377 1612 2424 opusculum

66 2445 192 2475 ortum
238 2441 307 2482 est,
350 2442 533 2485 quantum
579 2439 752 2482 debeam,
796 2450 988 2484 nunquam
1034 2438 1245 2473 obliviscar.

164 2498 453 2544 Philologorum
485 2499 711 2534 societatum
746 2498 956 2533 Bonnensis
989 2500 1025 2532 et
1058 2497 1312 2532 Berolinensis
1345 2495 1514 2532 sodalem
1547 2507 1614 2541 per

67 2557 138 2593 hos
181 2569 315 2594 omnes
356 2568 477 2593 annos
520 2569 579 2593 me
620 2558 739 2592 fuisse
783 2560 819 2592 et
862 2568 947 2592 esse
988 2556 1154 2602 gaudeo.
