1970 3452
919 431 1199 469 -24—

1012 564 1106 606 XII.

396 646 490 687 Hoc
539 646 672 687 modo
722 648 953 699 postquam
1004 648 1043 688 in
1094 648 1304 701 epistulae
1352 647 1624 691 Herodoteae
1673 661 1834 691 morem

277 716 447 757 dicendi
482 717 719 770 praecipue
752 716 967 769 glossario
1018 717 1096 759 nisi
1133 718 1450 771 inquisivimus,
1486 719 1613 761 liceat
1646 720 1836 773 proferre

275 787 492 837 nonnulla,
527 799 638 840 quae
662 788 723 829 eis
757 788 849 837 nisi,
886 799 997 840 quae
1033 789 1085 830 de
1110 790 1432 842 compositione
1467 791 1592 832 huius
1616 791 1834 845 epitomae

276 860 316 899 et
348 858 415 899 alii
450 861 489 900 et
522 859 602 911 ipsi
639 859 982 908 observavimus,
1032 860 1086 901 ad
1136 862 1294 901 textum
1341 863 1452 903 recte
1487 861 1835 904 constituendum

275 942 360 970 non
395 930 557 972 inutilia
592 929 888 972 enucleavisse
923 932 1050 974 nobis
1086 930 1290 973 videmur.

392 1000 548 1042 Tribus
582 1001 789 1054 imprimis
839 1001 945 1043 locis
984 1003 1060 1043 viri
1112 1003 1228 1045 docti
1263 1015 1413 1057 parum
1449 1004 1489 1046 id
1539 1008 1835 1058 respexerunt,

276 1071 393 1124 quod
428 1072 509 1113 iam
536 1071 742 1113 Brunsius
790 1073 829 1113 et
872 1070 1090 1115 Usenerus
1114 1074 1280 1127 optimo
1317 1074 1404 1116 iure
1435 1077 1834 1129 pronuntiaverunt:

276 1154 361 1183 non
396 1142 663 1184 discentibus
712 1143 788 1184 sed
839 1143 1075 1186 scientibus
1109 1144 1222 1185 hunc
1256 1144 1442 1186 libellum
1479 1146 1694 1188 iuvandae
1744 1159 1836 1188 me-

275 1214 433 1254 moriae
469 1225 599 1255 causa
633 1215 836 1267 scriptum
872 1212 1020 1256 essem.
1088 1215 1240 1268 Neque
1275 1216 1387 1257 enim
1421 1217 1454 1258 si
1496 1217 1579 1258 hoc
1612 1217 1831 1271 respicies,

273 1286 312 1326 in
351 1296 446 1325 eum
483 1296 664 1326 errorem
700 1285 924 1334 delaberis,
961 1287 1003 1326 ut
1037 1286 1344 1328 concinnitatis
1379 1287 1443 1329 vel
1479 1288 1654 1330 rationis
1688 1299 1833 1337 causa,

274 1367 384 1408 quas
433 1357 605 1409 quidem
641 1356 852 1410 Epicurus
902 1357 1077 1398 minime
1110 1361 1292 1410 spectat,
1344 1370 1586 1406 sermonem
1637 1360 1691 1400 ita
1724 1359 1835 1401 velis

273 1428 499 1482 perpolire,
542 1431 585 1470 ut
620 1430 833 1471 enuntiata
868 1430 996 1471 iteres
1021 1428 1113 1484 (A),
1150 1431 1372 1472 notissima
1406 1432 1568 1474 inseres
1593 1429 1680 1486 (Β),
1737 1443 1837 1473 sen-

272 1502 495 1542 tentiarum
531 1512 745 1542 conexum
794 1502 895 1543 totis
930 1502 1136 1543 membris
1176 1503 1438 1556 interpositis
1487 1503 1835 1557 artiusconglu-

276 1573 411 1613 tinare
445 1571 621 1613 studeas
656 1569 748 1626 (C).
815 1570 975 1613 Verum
1010 1572 1064 1614 ad
1101 1571 1290 1627 singula!

390 1700 437 1742 Α.
474 1699 534 1754 (p.
570 1699 839 1754 5,13—6‚1).

273 1771 464 1821 Cronert‚
503 1771 579 1816 Rn.
605 1772 664 1813 M.
689 1772 745 1814 62
770 1772 926 1826 (1907)
963 1785 1004 1826 p.
1037 1774 1134 1815 129:
1173 1772 1315 1827 ‘Diog
1352 1773 1388 1815 X
1412 1774 1468 1816 38
1494 1772 1556 1827 (p.
1582 1774 1683 1823 5‚13
1710 1773 1783 1827 U.)
1808 1774 1833 1816 l.

271 1867 312 1908 p.
347 1855 447 1903 5,13
667 1849 852 1907 (πρῶτον
882 1858 959 1905 μὲν
993 1850 1055 1895 ὅτι
1088 1851 1208 1895 οὐδὲν
1240 1858 1393 1908 γίνεται
1429 1858 1473 1895 ἐκ
1521 1855 1592 1895 τοῦ
1625 1853 1684 1911 μὴ
1717 1852 1835 1905 ὄντος

394 1926 444 1966 14
481 1921 671 1978 (ὅςούδέ
699 1928 975 1979 φθείρεται
1000 1929 1072 1973 εἰς
1096 1924 1147 1965 τὸ
1171 1923 1232 1981 μὴ
1269 1923 1391 1978 ὄι’>.
1412 1926 1430 1981 s
1448 1925 1534 1975 πᾶς
1556 1923 1633 1981 γὰρ
1657 1930 1700 1966 ἑκ
1725 1941 1834 1967 παν-

394 1999 443 2039 15
481 1992 565 2045 ‘rog
613 1992 758 2050 ἐγίνετ)
808 1993 856 2037 ἂν
906 1996 1160 2052 σπερμάτων
1212 2013 1256 2051 γε
1311 1993 1443 2038 οὐθὲν
1489 1993 1830 2053 προσβόεόμενον·

483 2071 561 2109 καὶ
598 2072 642 2109 εἰ
674 2071 952 2124 ἐφθείρετο
987 2068 1036 2109 δὲ
1071 2066 1120 2108 τὸ
1163 2064 1541 2124 ἀφανιζόμειων
1575 2072 1646 2118 εἰς
1679 2067 1732 2110 τὸ
1764 2068 1831 2126 μή

395 2141 444 2182 16
483 2136 552 2190 ὃν,
588 2138 748 2179 πάντα
783 2136 837 2179 ἂν
872 2136 1142 2180 ἀπωλώλει
1170 2138 1222 2180 τὰ
1247 2138 1539 2194 πράγματα,
1575 2135 1657 2181 οὐκ
1676 2137 1834 2181 ὄντων

301 2224 340 2265 p.
376 2212 439 2262 6,]
485 2214 551 2260 εἰς
585 2207 610 2250 e}
645 2206 875 2251 διελύετο

390 2283 573 2325 Primum
610 2296 695 2325 non
731 2286 793 2326 est
818 2285 948 2326 moris
974 2284 1182 2337 epistulae
1207 2284 1480 2326 Herodoteae
1503 2284 1560 2326 ita
1584 2284 1829 2337 disponere,

270 2358 313 2396 ut
352 2356 554 2408 placitum
596 2355 755 2409 duplex
794 2356 1098 2409 praemittatur,
1134 2357 1373 2408 sequantur
1396 2357 1648 2408 argumenta
1670 2355 1826 2397 utrius-

270 2438 354 2479 que
389 2428 530 2480 partis.
595 2425 679 2469 Sed
712 2425 897 2469 ‘totius-'2'
920 2427 1132 2480 epistulae
1157 2426 1432 2468 Herodoteae
1455 2437 1567 2479 quae
1599 2426 1653 2468 sit
1674 2426 1828 2476 forma,

270 2498 352 2538 iam
387 2497 525 2539 Bruns
559 2497 905 2549 (Lucrezstudien
941 2510 981 2551 p.
1017 2496 1093 2551 31)
1135 2500 1246 2539 recte
1286 2497 1570 2539 animavertit:
1620 2497 1831 2539 sententia

269 2580 442 2622 semper
475 2580 602 2622 quam
639 2569 905 2611 brevissimis
937 2569 1085 2611 verbis
1119 2568 1285 2611 inclusa
1318 2569 1501 2622 ponitur,
1538 2567 1699 2610 deinde
1734 2579 1824 2610 non

270 2640 410 2681 minus
449 2640 630 2682 breviter
678 2652 762 2682 una
809 2640 1062 2693 plerumque
1112 2650 1243 2682 causa
1276 2628 1407 2682 allata
1454 2637 1687 2693 probatur’.
1753 2637 1825 2682 Si‘c

269 2710 335 2751 hic
384 2722 578 2763 quoque;
628 2712 858 2753 sententia:
909 2705 1029 2750 οὐδὲν
1061 2712 1219 2763 γίνεται
1251 2711 1296 2749 ἐκ
1348 2709 1415 2749 τοῦ
1447 2701 1512 2765 μὴ’
1540 2706 1670 2760 ὄντος,
1721 2721 1824 2763 pro-

270 2782 404 2823 batio:
440 2782 524 2821 πᾶν
556 2780 633 2835 γὰρ
666 2786 709 2822 ἐκ
734 2780 891 2830 παντὸς
923 2777 1067 2835 ἐγίνετ’
1099 2777 1148 2822 ἂν
1177 2779 1430 2834 σπερμάτων
1452 2797 1497 2835 γε
1531 2777 1663 2823 οὐθὲν
1697 2793 1828 2836 προσ-

386 2922 440 2956 21.
470 2922 525 2958 Ct.
553 2933 648 2967 quae
676 2933 709 2967 p.
741 2925 781 2958 17
809 2923 914 2959 huius
942 2924 1111 2968 opusculi
1139 2925 1186 2960 de
1213 2925 1281 2960 hac
1309 2933 1347 2959 re
1374 2923 1487 2960 attuli.

386 2982 440 3017 22.
471 2983 660 3026 Merbach‚
690 2983 710 3017 l.
738 2984 758 3018 l.
787 2993 821 3028 p.
849 2984 906 3019 31.
