1970 3452
899 407 1179 446 -40-

259 544 308 585 fr.
343 544 428 587 495
477 543 685 586 Gnomol.
711 542 803 585 Vat.
840 555 885 584 nl·
935 542 992 584 60
1029 542 1124 590 Πᾶς
1157 544 1300 595 ὥσπερ
1334 537 1424 595 ἄρτι
1459 544 1636 594 γεγονὼς
1670 544 1713 582 ἐκ
1746 540 1818 581 τοῦ

476 612 546 668 ζῆν
580 609 823 667 ιῖπὲρχεῐαι.

495 684 662 728 Seneca
697 686 817 738 epist.
845 685 992 734 22,13:
1030 685 1226 726 ‘occurrit
1252 685 1349 726 mihi
1378 697 1479 727 ecce
1504 683 1631 739 (vox)
1667 685 1815 727 nescio

378 760 511 798 utrum
547 757 686 797 verior
730 768 783 797 an
819 756 1101 809 eloquentior.
1138 752 1303 797 Cuius?
1339 756 1496 809 inquis.
1520 755 1704 810 Epicuri.
1740 755 1818 798 ad-

378 829 459 869 huc
493 828 605 868 enim
641 826 790 868 alienis
837 826 1028 867 sarcinas
1071 826 1251 868 adorno.
1290 836 1417 867 nemo
1454 838 1538 867 non
1573 826 1628 868 ita
1677 826 1762 868 exit
1795 838 1816 868 e

376 899 474 947 vita,
501 901 719 949 tamquam
744 896 878 938 modo
905 897 1130 938 intraverit.
1188 894 1519 949 Quemcumque
1544 897 1609 938 vis
1632 907 1815 951 occupa,

378 969 700 1010 adulescentem
749 979 897 1009 senem
947 967 1157 1009 medium:
1208 968 1399 1009 invenies
1433 979 1569 1021 aeque
1618 968 1817 1009 timidum

379 1042 539 1090 mortis,
574 1053 711 1094 aeque
736 1040 918 1082 inscium
953 1040 1077 1081 vitae.
1114 1051 1241 1080 nemo
1277 1040 1507 1093 quicquam
1542 1040 1671 1082 habet
1704 1039 1816 1090 facti,

379 1114 418 1154 in
452 1112 635 1154 futurum
672 1112 784 1152 enirn
837 1114 984 1153 nostra
1018 1111 1276 1153 distulimus.
1342 1111 1451 1152 Nihil
1503 1123 1570 1153 me
1605 1112 1743 1166 magis
1776 1113 1816 1153 in

379 1184 456 1224 ista
492 1194 601 1224 voce
647 1182 830 1223 delectat
879 1194 1008 1235 quam
1043 1181 1160 1234 quod
1198 1182 1481 1235 exprobratur
1528 1183 1707 1224 senibus
1755 1183 1819 1224 in-

378 1254 522 1295 fantia.
557 1253 708 1294 ‘Nem
730 1255 784 1295 o'‚
811 1253 960 1306 inquit,
987 1252 1194 1294 ‘aliter
1228 1264 1400 1305 quam
1436 1252 1607 1294 modo
1643 1255 1818 1296 natus

378 1326 507 1366 exit
542 1336 563 1366 e
597 1325 753 1366 vita'.
801 1324 955 1366 falsum
992 1328 1067 1373 est,
1118 1325 1289 1378 peiores
1324 1325 1524 1365 morimur
1558 1336 1684 1377 quam
1720 1337 1819 1368 nas-

379 1407 521 1438 cimur.

1966 203 1967 217 μ
1959 131 1967 181 ἈΛψ
1955 79 1962 85 'v
