1970 3452
179 893 518 935 Emendationes
560 893 641 934 hae
677 892 925 946 Epicureae,
962 891 1187 945 quomodo
1237 889 1329 932 sive
1379 892 1494 932 ortae
1529 890 1621 931 sive

62 964 263 1007 inventae
295 965 389 1014 sint,
425 964 551 1006 liceat
583 974 723 1018 pauca
757 974 1050 1017 praemonere.

175 1034 312 1077 Multa
346 1036 386 1076 et
419 1035 570 1088 gravia
618 1037 758 1076 textus
793 1034 892 1075 vitia
926 1034 980 1075 ab
1015 1033 1079 1074 eis
1113 1033 1213 1074 viris
1248 1032 1398 1077 doctis⁷
1448 1032 1517 1084 qui
1552 1034 1623 1072 aut

60 1106 249 1160 Epicuro
284 1105 458 1147 edendo
508 1108 580 1147 aut
614 1106 837 1147 doctrinae
871 1105 962 1147 eius
998 1103 1285 1158 explicandae
1333 1114 1510 1156 operam
1547 1114 1623 1144 na-

58 1179 279 1222 vaverunt,
313 1176 484 1219 sublata
517 1179 633 1225 sunt3
683 1179 841 1218 restant
877 1187 938 1225 ea,
990 1187 1101 1228 quae
1135 1177 1358 1227 tamquam
1409 1175 1448 1215 in
1483 1175 1623 1215 visce-

58 1248 177 1290 ribus
211 1248 355 1290 abdita
391 1247 619 1289 difficulter
653 1258 917 1300 cognoscas,
954 1245 1174 1288 difficilius
1209 1246 1413 1299 corrigas.
1480 1243 1621 1295 Quam

55 1330 142 1361 rem
199 1320 270 1373 qui
319 1318 602 1374 aggrediatur,
657 1319 814 1360 debere
869 1316 1176 1372 peritissimum
1234 1328 1331 1359 esse
1387 1316 1622 1370 Epicureae

54 1390 232 1432 rationis
266 1389 435 1431 dicendi
477 1390 570 1431 luce
606 1389 758 1431 clarius
793 1392 867 1431 est.
934 1386 1034 1438 Quo
1076 1391 1217 1430 autem
1255 1387 1388 1430 modo
1423 1387 1546 1430 altius
1581 1388 1621 1428 in

59 1461 250 1503 cuiusvis
284 1462 506 1514 scriptoris
555 1461 635 1503 stili
686 1461 1039 1503 consuetudinem
1076 1460 1333 1509 descendas,
1385 1470 1528 1512 quam,
1580 1458 1620 1499 id

55 1532 174 1585 quod
230 1531 453 1575 Usenerus
507 1532 589 1573 iam
640 1531 889 1584 postulavit,
947 1531 1163 1585 glossario
1219 1530 1466 1579 condendo,
1519 1532 1621 1582 ‘quo
1664 1549 1669 1553 ,

62 1601 294 1644 verborum
342 1613 446 1644 usus
480 1613 610 1655 quam
644 1602 733 1643 fieri
768 1603 908 1656 possit
941 1601 1193 1655 plenissime
1229 1604 1529 1654 componatur,
1580 1602 1622 1641 ut

58 1673 139 1716 loci
175 1675 389 1716 coniuncti
423 1674 531 1717 alius
564 1674 694 1716 alium
729 1673 1000 1716 inlustrent'?

178 1744 322 1787 Primo
371 1746 506 1799 igitur,
558 1746 659 1798 quia
708 1745 838 1787 index
886 1745 1123 1799 Epicureus
1172 1744 1226 1786 ab
1268 1742 1466 1786 Usenero
1517 1742 1618 1785 olim

57 1819 327 1868 conscriptus
362 1818 555 1860 nondum
591 1819 631 1859 in
657 1818 876 1872 publicum
902 1829 1024 1860 usum
1061 1818 1200 1859 editus
1233 1820 1309 1866 est,
1345 1828 1485 1858 meum
1523 1827 1620 1858 esse

54 1889 202 1942 putavi
245 1889 448 1931 omnibus
483 1889 650 1942 Epicuri
700 1888 1070 1950 verbiQollectis
1105 1889 1444 1941 uniuscuiusque
1493 1898 1618 1929 usum
1688 1904 1697 1914 τ

54 1959 297 2006 observare,
347 1972 432 2014 qua
465 1961 505 2001 in
554 1973 600 2002 re
636 1960 836 2013 exemplo
873 1960 1151 2012 maximoque
1185 1958 1338 2001 fructui
1388 1959 1521 2001 fuisse
1555 1960 1618 2000 in-

53 2030 192 2072 dicem
242 2030 297 2072 ad
340 2029 515 2073 Dielesii
552 2030 821 2085 ‘Fragmenta
869 2031 1230 2085 philosophorum
1281 2031 1351 2082 qui
1400 2032 1496 2071 ante
1537 2026 1620 2071 So-

56 2103 212 2143 cratem
246 2101 428 2143 fuerunt’
462 2100 590 2144 facile
624 2113 703 2143 nec
737 2102 830 2143 sine
864 2113 1025 2155 magna
1058 2101 1192 2155 gratia
1227 2100 1448 2142 confiteor.

168 2171 277 2214 Tum
325 2172 538 2226 glossario
588 2174 708 2215 nisus
742 2175 782 2215 in
817 2173 986 2227 singula
1034 2173 1246 2226 quaedam
1288 2172 1386 2213 loca
1418 2175 1619 2225 corrupta

57 2243 282 2295 inquisivi;
326 2244 444 2296 quod
479 2245 644 2296 quanto
678 2244 773 2286 usui
808 2242 932 2285 fuerit
972 2244 1025 2285 ad
1062 2243 1229 2297 Epicuri
1265 2243 1396 2285 verba
1429 2244 1619 2297 genuina

54 2313 328 2363 restituenda,
379 2314 462 2356 hoc
511 2326 563 2355 ex
603 2314 954 2356 emendationum
995 2315 1235 2368 specimine
1284 2315 1476 2366 apertum
1525 2314 1616 2355 fore

58 2395 202 2437 spero,
237 2385 278 2425 in
312 2384 470 2437 quibus
510 2396 577 2426 me
611 2396 786 2438 semper
819 2385 873 2426 ab
910 2382 1088 2426 Useneri
1123 2383 1386 2437 lectionibus
1418 2383 1618 2438 proficis-

55 2454 93 2496 ci
125 2455 250 2498 scito,
