1970 3452
902 433 1183 475 „38—

261 568 524 610 definitivam
561 571 600 610 et
644 580 737 610 eam
789 580 886 611 esse
922 571 1177 623 exprimitur,
1227 581 1356 624 quam
1392 572 1542 624 petunt
1576 570 1817 613 divitiarum

262 641 417 694 cupidi.

379 711 593 765 Legamus
627 712 752 765 igitur
784 722 881 753 cum
917 712 1087 754 codice:

261 794 301 835 p.
337 782 495 831 304‚l9
545 781 694 821 πολλοὶ
728 781 798 821 Τοῖ-
838 779 1021 821 nimimi-
1058 781 1251 833 τυχόντες
1289 779 1336 822 οἰ·
1370 781 1451 838 τὴν
1476 781 1720 838 ἀπαλλαγὴν
1746 790 1825 824 τῶν

437 852 494 894 20
542 858 682 892 κακῶν
713 845 833 903 εἶ’-ρον
866 848 970 892 ἁλλὰ
1003 850 1235 908 Ιιιὲταρό),ι“]ι’
1267 852 1484 905 μειζόνων.

979 1055 1100 1097 ΧΙΧ.

258 1125 437 1178 p.308‚3
472 1125 717 1167 Lactantius
736 1126 1060 1168 divin.instit.111
1087 1127 1229 1169 1738:
1252 1128 1455 1181 carpendi
1477 1127 1645 1181 Epicuri
1665 1138 1822 1170 caussa

473 1196 781 1249 ‘voluptatibus
805 1197 928 1250 igitur
953 1208 1134 1250 quoquo
1155 1199 1287 1240 modo
1312 1210 1547 1251 possumus
1565 1199 1819 1241 serviamus.

470 1267 587 1308 brevi
616 1268 726 1309 enim
752 1272 947 1320 tempore
982 1267 1081 1309 nulli
1113 1270 1270 1311 erimus
1295 1271 1484 1311 omnino.
1519 1281 1622 1324 ergo
1658 1269 1819 1311 nullum

470 1338 596 1388 diem,
610 1339 769 1379 nullum
782 1339 1196 1392 deniquetemporis
1207 1344 1413 1393 punctum
1434 1339 1566 1382 fluere
1584 1340 1710 1382 nobis
1729 1341 1821 1382 sine

470 1409 687 1462 voluptate
707 1411 928 1464 patiamur,
965 1423 1017 1452 ne
1049 1412 1147 1464 quia
1172 1411 1253 1464 ipsi
1275 1412 1540 1464 quandoque
1558 1413 1730 1464 perituri
1751 1423 1820 1454 su-

469 1492 576 1529 mus,
648 1481 687 1522 id
724 1482 864 1534 ipsum
916 1481 1035 1535 quod
1086 1493 1112 1521 v
1132 1483 1140 1523 i
1161 1483 1215 1523 vi
1235 1493 1275 1522 m
1296 1495 1320 1523 u
1341 1493 1362 1523 s
1401 1486 1558 1535 pereat.
1620 1483 1704 1525 hoc
1751 1483 1820 1525 ille

470 1553 633 1594 etiamsi
670 1563 757 1593 uon
793 1553 894 1594 dicit
927 1554 1075 1601 verbo,
1112 1564 1154 1594 re
1187 1555 1330 1595 tamen
1366 1555 1461 1607 ipsa
1495 1554 1649 1596 docet'.

469 1620 619 1662 Brandt,
650 1622 734 1656 adn.
755 1621 849 1657 crit.:
879 1621 1070 1667 ‘vivimusl
1099 1623 1258 1658 vivimus
1278 1622 1423 1658 Usener
1442 1624 1537 1658 conl.
1557 1622 1685 1658 Senec.
1706 1623 1813 1667 epist.

467 1679 590 1721 9931:
622 1682 785 1716 viximus
814 1680 841 1715 Β
870 1680 903 1717 G
930 1680 958 1717 R
987 1681 1010 1716 S
1039 1680 1064 1715 Ρ
1092 1681 1139 1717 V:
1169 1683 1337 1718 diximus
1365 1682 1418 1717 H’.

373 1740 471 1782 Non
509 1741 685 1783 dubium
722 1745 797 1791 est.
850 1743 952 1795 quin
994 1737 1093 1781 αὕτὸ
1131 1740 1171 1781 τὸ
1207 1741 1280 1798 ζῇν
1328 1746 1516 1785 vertatur
1563 1744 1646 1786 illic
1695 1743 1811 1797 apud

255 1810 467 1854 Senecam
504 1813 646 1854 verbis
681 1814 776 1855 ‘hoc
811 1813 931 1866 quod
959 1813 1172 1863 vivimus',
1213 1815 1279 1855 hic
1313 1814 1428 1868 apud
1460 1814 1727 1857 Lactantium
1762 1815 1816 1856 ‘id

253 1882 395 1936 ipsum
431 1884 548 1936 quod
584 1884 783 1926 vivimus’
819 1889 889 1926 aut
914 1884 1141 1935 ‘viximus',
1178 1886 1297 1938 quod
1322 1887 1530 1938 praebent
1562 1885 1666 1927 libri.
1729 1883 1817 1928 Sed

256 1955 478 1995 versiones
513 1954 685 1996 Latinas
720 1955 896 1997 alteram
937 1955 990 1997 ab
1015 1956 1145 1998 altera
1180 1956 1349 1997 differre
1384 1967 1565 1998 necesse
1599 1958 1676 2005 est,
1713 1957 1813 2010 quia

252 2023 321 2066 illa
357 2028 602 2078 temporum
638 2027 821 2067 conexui
855 2027 1082 2079 praesenti,
1118 2027 1225 2068 haec
1258 2026 1399 2067 futuro
1433 2026 1685 2080 adaptanda
1716 2031 1814 2068 erat.

253 2094 335 2137 Iam
388 2097 505 2148 quod
544 2095 625 2138 illic
663 2095 785 2145 ‘hoc’‚
837 2098 903 2138 hic
940 2097 992 2138 ·id
1029 2098 1186 2151 ipsum’
1222 2097 1388 2151 legitur,
1439 2101 1624 2140 attentos
1671 2097 1816 2140 facere

253 2167 401 2208 debuit
435 2168 552 2208 viros
588 2167 747 2209 doctos
773 2167 855 2209 hos
890 2168 1014 2210 locos
1050 2179 1136 2210 non
1172 2179 1351 2222 prorsus
1384 2180 1510 2222 pares
1543 2169 1632 2211 fieri
1666 2179 1813 2222 posse.

255 2235 579 2280 Consecutione
613 2242 856 2292 temporum
883 2242 1024 2280 autem
1060 2239 1128 2280 hic
1153 2239 1388 2292 perfectum
1424 2239 1679 2292 postulatur,
1715 2240 1814 2292 quia

253 2309 386 2350 Latini
422 2310 477 2351 ‘id
513 2311 654 2363 ipsum
705 2310 825 2363 quod
860 2311 1066 2352 vixerunt·
1103 2315 1292 2358 cernunt,
1343 2313 1562 2364 tamquam
1613 2311 1695 2364 ipsi
1730 2312 1811 2352 iam

250 2391 302 2421 eo
338 2384 531 2434 tempore
567 2385 711 2422 essent
735 2392 822 2434 quo
856 2382 941 2423 sint
974 2382 1160 2435 perituri,
1197 2382 1310 2422 unde
1334 2382 1564 2435 respiciant
1596 2394 1649 2423 ex
1671 2381 1813 2423 futuro

250 2452 303 2492 ad
338 2463 545 2503 praesens
578 2454 765 2505 tempus,
817 2454 871 2494 ita
905 2456 947 2494 ut
980 2453 1063 2494 hoc
1097 2454 1282 2506 spatium
1317 2454 1523 2506 temporis
1557 2454 1680 2506 quasi
1713 2463 1812 2506 per-

249 2521 411 2563 fectum
448 2524 508 2564 eis
543 2523 752 2565 videatur.
819 2523 1040 2565 ‘Viximus'
1077 2524 1202 2577 igitur
1235 2523 1433 2565 codicum
1469 2524 1752 2566 retinendum.

977 2651 1078 2693 XX.

253 2722 429 2776 p.309‚1
472 2735 642 2766 nemo
668 2737 775 2766 non
801 2725 884 2766 ita
910 2725 1037 2766 exit
1072 2725 1274 2774 evita,
1306 2728 1614 2777 tamquam
1640 2724 1810 2766 modo

462 2796 471 2835 i
492 2807 517 2835 n
536 2798 550 2836 t
568 2808 585 2836 r
603 2806 626 2836 a
645 2808 670 2836 v
690 2807 711 2836 e
731 2807 749 2835 r
767 2796 776 2836 i
796 2800 823 2836 t.

604 2863 770 2908 Seneca
850 2867 974 2920 epist.
1023 2867 1172 2916 22‚13:
1255 2868 1450 2908 ‘occurrit
1527 2867 1625 2908 mihi
1709 2877 1809 2908 ecce

463 2937 580 2978 (vox)
618 2937 767 2978 nescio
813 2939 950 2978 utrum
994 2937 1132 2979 verior
1175 2949 1228 2979 an
1274 2936 1555 2990 eloquentior.
1638 2935 1809 2980 Cuius?

465 3007 617 3058 inquis.
656 3007 839 3060 Epicuri.
890 3007 1031 3050 adhuc
1065 3008 1176 3049 enim
1211 3008 1364 3051 alienis
1397 3008 1587 3050 sarcinas
1621 3008 1806 3050 adorno:
