1970 3452
748 458 1027 498 -39-

324 603 348 631 n
369 602 390 632 e
412 602 451 631 m
473 602 498 631 o
524 611 566 631 .‡.
593 623 600 631 .
626 592 680 632 in
699 594 713 632 t
731 603 747 631 r
765 603 832 640 av
853 603 874 632 e
893 605 910 632 r
929 592 937 632 i
959 596 983 633 t.
1040 590 1367 645 Quemcumque
1391 594 1456 633 vis
1480 602 1660 644 occupa.

262 661 288 702 5
321 661 644 704 adulescentem
669 673 815 704 senem
842 663 1047 704 medium:
1083 664 1277 705 invenies
1302 675 1437 715 aeque
1471 663 1660 704 timidum

321 734 481 783 mortis,
498 745 634 786 aeque
651 733 831 775 inscium
851 735 977 776 vitae.
1005 746 1132 776 nemo
1153 735 1383 788 quicquam
1404 735 1529 776 babet
1548 734 1662 781 facti,

322 804 363 844 in
398 804 582 846 futurum
618 805 728 845 enim
765 808 910 847 nostra
959 805 1214 847 distulimus.
1280 805 1389 846 Nihil
1426 817 1493 846 me
1527 807 1663 859 inagis

321 876 362 916 in
396 875 476 917 ista
509 887 617 917 voce
649 875 831 918 delectat
865 888 993 929 quam
1030 877 1147 929 quod
1173 877 1453 929 exprobratur
1485 877 1662 918 senibus

322 946 523 988 infantia:
563 945 762 996 “nemo“‚
807 948 969 999 inquid,
1009 946 1156 988 “aliter
1188 958 1317 999 quam
1351 958 1377 999 q
1398 948 1450 987 ui
1486 959 1525 987 m
1546 960 1570 988 o
1591 948 1615 988 d
1637 960 1662 989 o

239 1017 290 1059 lO
322 1020 448 1060 natus
480 1021 556 1067 est,
592 1019 677 1060 exit
711 1031 732 1060 e
766 1019 892 1060 vita''.
943 1018 1098 1060 falsum
1135 1022 1209 1067 est,
1261 1018 1430 1070 peiores
1464 1019 1664 1059 morimur

322 1100 450 1142 quam
486 1090 714 1132 nascimur.

323 1157 355 1193 ‘9
381 1158 443 1203 qui
484 1159 598 1193 modo
663 1157 861 1193 PWolters
890 1159 922 1192 in
952 1158 1161 1193 Exercitatt.
1201 1168 1355 1201 gramm.
1396 1157 1665 1202 speciminibus

321 1227 356 1262 p.
383 1217 429 1252 35
461 1218 656 1261 quomodo
697 1218 777 1252 libri
818 1217 864 1252 cf.
894 1216 969 1253 Cic.
1012 1218 1057 1252 de
1097 1216 1146 1251 fin
1175 1217 1212 1251 lll
1244 1217 1344 1258 1418
1383 1226 1493 1261 quam
1533 1217 1563 1250 is
1603 1216 1663 1260 qui

321 1276 437 1311 modo
465 1279 523 1312 est
550 1277 670 1311 natus’
700 1275 798 1321 [adn.
827 1276 908 1321 Us.}

348 1347 574 1391 PWolters
604 1349 627 1389 l.
664 1349 707 1390 l.:
744 1349 929 1390 “Nemo
964 1349 1083 1390 aliter
1117 1360 1245 1402 quam
1280 1350 1503 1401 quomodo
1540 1352 1663 1390 natus

229 1421 320 1471 ‘est‚
356 1421 438 1462 exit
471 1432 494 1461 e
526 1421 642 1462 vita’.
708 1419 856 1462 ltane‘?
908 1420 1043 1461 lmmo
1094 1431 1222 1461 nemo
1257 1432 1309 1461 eo
1359 1420 1490 1460 modo
1525 1420 1609 1461 exit
1643 1432 1664 1461 e

231 1492 331 1534 ‘vita
376 1502 463 1544 quo
514 1495 638 1534 natus
688 1496 762 1534 est.
827 1492 939 1533 Tum
989 1504 1074 1534 non
1124 1492 1258 1541 refert,
1311 1493 1534 1545 quomodo
1584 1492 1660 1532 sed

229 1562 396 1616 ‘quales
444 1563 686 1605 moriamur.
752 1561 979 1605 Postremo
1029 1563 1230 1605 conferas
1279 1575 1339 1608 ea,
1389 1574 1498 1616 quae
1531 1562 1660 1616 paulo

227 1636 338 1676 ‘ante
361 1632 529 1677 Seneca
553 1635 744 1687 scripsit:
781 1634 936 1676 ‘Nemo
971 1646 1056 1675 non
1083 1634 1137 1675 ita
1163 1635 1247 1675 exit
1282 1647 1303 1675 e
1336 1635 1421 1675 vita
1444 1636 1660 1686 tamquam

227 1705 375 1747 ‘modo
411 1705 654 1747 intraverit'.
692 1717 770 1747 nec
804 1709 907 1758 puto
942 1707 981 1746 te
1015 1705 1322 1753 dubitaturum,
1364 1705 1467 1757 quin
1503 1708 1660 1745 rectum

226 1776 306 1825 ‘sit,
342 1776 462 1829 quod
487 1775 523 1817 Τ
547 1779 586 1818 et
611 1791 644 1814 ω
678 1776 858 1818 liabent:
896 1775 1050 1816 ‘Nemo
1075 1775 1192 1817 aliter
1215 1786 1344 1827 quam
1372 1775 1504 1816 modo
1540 1778 1663 1816 natus

228 1848 326 1889 ‘exit
359 1859 381 1889 e
425 1842 540 1889 vita’.
592 1848 669 1888 nisi
719 1847 830 1888 forte
878 1849 1063 1900 praestet
1097 1847 1281 1887 scribere
1346 1846 1499 1887 Nemo
1549 1845 1664 1887 aliter

224 1924 366 1971 ‘quam
402 1918 475 1972 qui
511 1919 644 1960 modo
680 1920 806 1960 natus
841 1922 904 1960 est
928 1919 1011 1959 exit
1045 1930 1066 1959 e
1100 1916 1211 1966 vita',
1249 1917 1364 1958 unde
1398 1917 1659 1969 optimorum

225 1988 369 2031 ‘codd
405 1989 527 2031 lectio
564 1988 690 2031 facile
725 1990 841 2031 nasci
878 1989 1043 2042 potuit)

208 2071 510 2126 HancEpicuri
529 2072 782 2113 sententiam
802 2071 959 2125 legenti
981 2072 1231 2113 observatur
1250 2069 1660 2113 mibiGnomol.Vat.

106 2155 165 2186 nr.
200 2143 258 2185 60
290 2141 445 2197 (Ἦίθη
485 2140 604 2185 Stud.
639 2141 675 2183 Χ
716 2141 815 2195 196)
857 2139 935 2197 ί[ῩΓ.
971 2141 1072 2196 495]
1114 2141 1206 2190 Πᾶς
1248 2144 1388 2193 ὥσπερ
1424 2137 1511 2193 ἄρτι
1548 2156 1662 2194 2470-

105 2215 187 2262 νὼς
218 2215 264 2252 ἐκ
297 2212 369 2252 τοῦ
402 2212 471 2267 ζῆν
505 2208 761 2265 ἅπέρχεταιῖ
829 2212 984 2254 Mirum
1021 2219 1161 2254 autem
1197 2212 1432 2255 Usenerum
1469 2215 1507 2253 et
1544 2212 1662 2253 Hen-

104 2285 230 2335 sium‚
265 2282 458 2326 Senecae
483 2284 701 2333 editorem,
735 2284 904 2337 fugisse
939 2284 1037 2325 hinc
1062 2286 1217 2325 textum
1245 2282 1523 2324 Annaeanum
1548 2285 1658 2324 recte

106 2356 303 2398 constitui
338 2367 483 2408 posse.
548 2354 699 2408 Neque
734 2355 846 2396 enim
882 2355 1056 2396 dubium
1093 2357 1168 2397 est.
1219 2354 1318 2406 quin
1353 2354 1492 2394 versio
1528 2353 1654 2394 latina

104 2428 229 2470 huius
269 2427 471 2469 enuntiati
522 2426 606 2468 sint
637 2426 782 2474 verba,
834 2437 946 2479 quae
995 2426 1199 2479 praebent
1248 2424 1422 2465 codices
1456 2423 1492 2463 T
1527 2426 1564 2464 et
1599 2436 1655 2463 ως

106 2498 261 2540 ‘Nemo
295 2497 413 2540 aliter
446 2508 576 2551 quam
611 2497 744 2539 modo
779 2500 902 2539 natus
936 2496 1022 2537 exit
1056 2509 1078 2538 e
1110 2498 1222 2538 vita’,

222 2569 475 2612 Versionem
500 2569 672 2611 alteram
697 2571 850 2616 autem,
887 2579 1014 2621 quam
1049 2566 1268 2609 Usenerus
1294 2566 1511 2618 praemisit
1544 2565 1659 2618 frag-

105 2642 251 2682 mento
284 2640 370 2682 495
405 2642 547 2681 ‘nemo
583 2651 670 2681 non
719 2640 774 2680 ita
809 2640 893 2681 exit
929 2651 950 2679 e
984 2638 1067 2679 vita
1109 2641 1325 2690 tamquam
1363 2635 1495 2677 modo
1530 2636 1659 2677 intra-

103 2710 236 2757 verit',
269 2711 412 2752 multis
445 2722 541 2752 cum
589 2710 743 2759 verbis,
795 2722 905 2763 quae
940 2719 1115 2750 sensum
1152 2708 1261 2748 illius
1311 2706 1514 2748 enuntiati
1563 2706 1658 2747 illu-

103 2784 294 2829 strarent,
328 2780 495 2824 Seneca
528 2782 748 2835 praemisit
771 2781 956 2822 versioni
980 2780 1207 2832 genuinae,
1243 2778 1343 2830 quia
1375 2788 1502 2831 aegre
1537 2776 1651 2818 nullo

104 2852 302 2894 subsidio
335 2852 692 2905 interpretationis
725 2850 912 2904 intellegi
947 2860 1081 2903 posse
1114 2849 1367 2890 videbantur
1402 2849 1506 2890 haec
1531 2848 1653 2901 quasi

104 2917 205 2970 λοξοὲ
238 2924 353 2965 dicta
386 2925 526 2965 ‘nemo
561 2923 677 2965 aliter
710 2933 838 2975 quam
874 2921 1007 2963 modo
1041 2923 1164 2962 natus
1198 2919 1284 2960 exit
1317 2931 1339 2960 e
1370 2920 1484 2961 vita’,

224 2992 295 3037 Sic
327 2995 451 3049 igitur
483 2993 790 3036 instituendum
826 2991 1003 3035 Useneri
1037 2991 1320 3045 fragmentum
1355 2990 1455 3032 illud
1488 2990 1600 3032 495:
