1970 3452
694 368 1022 410 -20-v

52 509 294 552 inserendis
328 510 456 552 artius
481 509 790 563 conglutinare.
857 508 949 561 Ego
985 520 1125 549 meum
1163 519 1259 550 esse
1293 518 1466 556 censeo,
1502 518 1611 560 quae

52 583 196 623 extant
229 584 357 634 atque
390 581 615 634 quomodo
651 585 689 622 et
713 592 841 641 quern
866 581 920 622 ad
950 580 1081 621 finem
1107 582 1199 621 orta
1223 581 1317 629 sint,
1354 579 1610 632 intellegere.

170 651 310 704 Atque
344 654 388 693 ut
420 652 526 693 haec
560 653 671 693 recte
706 652 1018 705 intellegantur,
1055 649 1281 694 Ciceronis
1316 650 1430 691 illum
1467 649 1610 691 locum

51 723 251 775 apposui.
319 720 472 765 Cicero
507 722 549 764 id
590 723 811 776 spectavit,
864 725 906 763 ut
940 722 1313 769 demonstraretur,
1351 733 1480 773 quam
1516 733 1612 774 per-

49 792 162 834 fecta
196 794 322 834 etiam
374 805 442 835 ars
476 793 762 836 concludendi
813 793 853 833 in
891 793 1073 845 Epicuro
1124 791 1260 842 fuerit,
1312 795 1350 833 et
1395 792 1508 832 hunc
1558 792 1611 833 ad

51 863 180 905 finem
216 864 526 906 indissolubilis
576 865 865 906 membrorum
909 867 1059 906 catena
1092 863 1374 905 monstranda
1422 866 1520 912 erat,
1572 865 1613 904 ut

51 935 246 977 viderent
280 936 527 983 adversarii,
582 938 639 977 ‘ut
672 938 713 978 at
746 948 832 977 rem
868 935 1040 976 dubiam
1078 936 1303 976 concessis
1336 934 1480 976 verbis
1514 945 1613 987 per-

50 1006 211 1047 veniret
261 1005 498 1059 Epicurus'.
565 1004 726 1048 Contra
778 1006 962 1059 Epicuro
1015 1007 1095 1058 ipsi
1147 1008 1342 1047 catenam
1378 1005 1489 1046 illam
1525 1017 1611 1045 non

54 1078 289 1117 monstrare
312 1076 403 1124 sed,
443 1077 670 1129 quomodo
696 1088 743 1118 ea
770 1077 1085 1130 procudeietur,
1121 1076 1378 1117 adumbrare
1403 1077 1443 1116 in
1468 1076 1612 1117 animo

55 1150 154 1188 erat.
236 1146 329 1200 Ego
378 1149 465 1188 tum
515 1147 687 1188 demum
730 1147 908 1189 libenter
947 1147 1149 1188 excusavi
1200 1147 1448 1188 brevitatem
1500 1145 1613 1187 illam

54 1229 140 1258 non
176 1218 344 1266 licitam,
380 1230 475 1260 cum
502 1220 698 1260 attentius
732 1220 1051 1260 examinassem
1078 1218 1220 1259 locum
1247 1218 1362 1258 illum
1390 1215 1614 1260 Ciceroni-

53 1299 182 1329 anum
218 1291 345 1341 atque
370 1290 694 1342 cognovissem,
730 1290 844 1330 unde
878 1289 1033 1330 ductus
1058 1292 1183 1338 esset,
1221 1300 1378 1342 nempe
1411 1301 1462 1330 ex
1498 1288 1614 1329 libris

55 1360 150 1411 περὶ
175 1355 359 1412 munuae:
395 1359 493 1401 illuc
516 1360 679 1412 optime
703 1360 886 1412 quadrat
909 1360 1224 1413 argumentatio
1260 1359 1329 1401 illa
1362 1362 1496 1408 acuta,
1532 1359 1614 1400 liuc

52 1429 215 1481 optime
248 1430 429 1483 quadrat
462 1430 774 1483 argumentatio
809 1431 964 1472 brevis.

173 1499 350 1544 Rectum
385 1501 509 1554 igitur
557 1502 765 1554 praebere
815 1501 914 1541 milii
950 1501 1149 1542 videntur
1193 1504 1231 1542 et
1279 1501 1369 1541 libri
1406 1500 1612 1542 Laertiani

54 1574 94 1613 et
125 1574 267 1613 textus
302 1573 438 1624 primo
474 1573 529 1613 ab
567 1572 762 1615 Usenero
798 1572 1067 1613 constitutus.

780 1770 896 1812 Xlll.

52 1854 94 1896 p.
131 1841 224 1891 62st
1032 1847 1125 1889 [πῶς
1158 1839 1230 1880 οὐκ
1266 1836 1494 1894 ἀπέρχεται
1531 1842 1614 1881 τοῦ

269 1912 364 1967 {vivs
597 1955 603 1960 ,

269 1982 280 2016 l
313 1985 377 2016 τοῦ
406 1981 565 2017 Usener:
596 1984 631 2015 ἐκ
658 1986 721 2016 τοῦ
749 1982 841 2017 libri.

291 2043 468 2092 Usener,
504 2043 637 2096 praef.
664 2056 704 2096 p.
730 2042 839 2084 XLI:
877 2045 897 2080 ‘.
924 2075 930 2082 .
958 2075 965 2082 .
992 2042 1073 2083 loci
1108 2045 1193 2083 tres
1229 2040 1318 2096 (ubi
1353 2043 1492 2084 hiatus
1526 2055 1612 2084 non

172 2113 341 2156 ‘vitatus
376 2125 516 2167 neque
551 2114 648 2155 loco
684 2113 876 2167 legitimo
918 2124 1056 2166 neque
1091 2113 1304 2154 editorum
1341 2113 1614 2168 neglegentia

175 2187 329 2238 ‘neque
378 2185 580 2227 librorum
632 2186 786 2226 vitiosa
836 2184 1018 2226 lectione
1068 2185 1264 2226 excusari
1315 2183 1478 2238 potest)
1512 2185 1606 2233 62,1

172 2250 418 2308 (ἀπέρχεται
463 2259 507 2295 ἐκ
542 2255 611 2295 τοῦ
645 2255 728 2310 ζῆν,
779 2255 847 2297 ubi
883 2256 1249 2309 praepositionem
1287 2268 1372 2297 non
1423 2256 1613 2297 dubitavi

172 2327 341 2378 ‘delere,
394 2327 445 2369 cf.
480 2327 690 2369 Lucianus
727 2327 823 2369 dial.
861 2330 983 2368 mort.
1019 2327 1082 2375 6,1
1131 2329 1170 2368 et
1203 2326 1361 2367 Toxar.
1393 2327 1450 2368 58
1485 2321 1614 2366 (ἔπελ-

174 2400 286 2437 (θεῖν
319 2397 389 2437 τοῦ
421 2400 513 2449 βίον
547 2397 732 2440 Demon.
768 2398 796 2438 4
828 2400 935 2437 ἑκών
966 2392 1141 2452 ἀπῆλθε.
1177 2397 1246 2436 τοῦ
1278 2399 1370 2449 βίον
1390 2431 1398 2438 .
1424 2431 1432 2439 .
1460 2431 1467 2438 .

289 2467 486 2518 Cronert‚
531 2468 606 2513 Rh.
643 2469 703 2512 M.
739 2469 788 2510 61
831 2467 1000 2523 (1906),
1037 2480 1077 2522 p.
1113 2468 1216 2510 418:
1255 2469 1534 2511 ‘vocabulum
1570 2471 1616 2508 ἐκ

176 2540 348 2582 ‘deleVIt
398 2540 578 2589 Usener,
629 2539 706 2581 sed
757 2539 809 2581 cf.
846 2537 1052 2582 Gnomol.
1104 2542 1186 2581 vat.
1238 2552 1295 2581 nr.
1346 2540 1402 2582 60
1453 2539 1611 2594 (Wien.

171 2608 305 2653 ‘Sffld⁸
326 2610 362 2652 X
388 2609 487 2664 196)
512 2609 598 2658 πᾶς
621 2612 765 2662 ὥσπερ
790 2605 882 2661 ἄρτι
906 2612 1083 2661 γεγονὼς
1108 2612 1151 2648 ἐκ
1176 2610 1246 2649 Τοῦ
1266 2610 1336 2665 ζῆν
1355 2605 1612 2665 ἄπέρχεταϋ.

172 2680 392 2723 Usenerus
434 2681 553 2734 quod
589 2676 817 2732 ἀπέρχεται
854 2684 897 2719 ἐκ
947 2681 1104 2722 hiatum
1141 2691 1238 2722 esse
1288 2682 1477 2734 putabat,
1529 2694 1615 2724 non

53 2754 183 2800 recte;
236 2763 334 2794 nam
384 2753 649 2805 pronuntiari
698 2751 890 2794 voluisse
939 2752 1192 2804 scriptorem
1243 2747 1517 2807 (Ξπέρχετᾲιι)
1568 2756 1613 2793 ἐκ

51 2824 136 2864 iam
171 2823 277 2864 inter
309 2834 464 2865 omnes
497 2825 679 2865 constat.

173 2891 414 2936 Cronertus
439 2893 615 2936 Useneri
649 2893 1022 2936 ratiocinationem
1059 2893 1336 2947 perspexisse
1371 2906 1457 2936 non
1492 2896 1614 2938 vide-

50 2968 135 3015 tur;
186 2976 284 3007 nam
319 2965 353 3007 si
389 2966 671 3019 cognovisset
704 2965 848 3008 locum
884 2966 998 3007 illum
1033 2965 1329 3019 praefationis,
1371 2967 1424 3008 de
1459 2967 1538 3012 hac
1573 2980 1616 3009 re
