1970 3452
892 406 1174 446 -10—

254 544 541 594 προσπίπτειν
589 555 630 596 p.
693 542 800 591 17‚7‚
857 540 927 581 δεῖ
974 546 1217 596 κατηγορεῖν
1271 554 1311 596 p.
1370 542 1477 592 18‚4‚
1533 541 1600 582 δεῖ
1644 543 1820 597 συνορᾶν

255 625 295 667 p.
338 614 444 665 1975,
481 612 548 652 δεῖ
579 608 765 660 δοξάζειν
798 625 839 667 p.
875 612 1020 654 2814.

372 683 494 725 l-lunc
528 695 651 725 usum
687 684 720 724 si
755 684 1022 737 respicimus,
1060 695 1200 737 neque
1236 682 1404 733 Cobeti‚
1442 695 1570 737 quam
1596 683 1817 727 Usenerus

252 755 422 807 recepit,
460 765 600 806 neque
633 751 853 796 Gassendi
890 754 1174 796 Meibomiive
1208 755 1379 808 placent
1415 756 1701 797 coniecturae.
1767 754 1814 794 δέ

251 827 351 868 illud
388 830 527 868 autem
565 827 697 868 omitti
732 827 891 879 nequit,
928 828 1041 880 quia,
1089 828 1124 868 si
1160 828 1344 877 deesset,
1381 838 1467 880 quo
1502 828 1733 881 iungantur
1765 840 1816 870 ea

252 909 362 951 quae
397 900 632 950 sequuntur
681 909 776 939 cum
811 898 1186 951 praecedentibus,
1240 909 1337 940 mos
1385 898 1555 939 dicendi
1607 898 1815 951 epistulae

252 968 529 1010 Herodoteae
578 969 834 1022 gravissime
892 969 1142 1011 laederetur.
1224 969 1480 1011 Laederetur
1531 981 1721 1023 quoque,
1778 970 1813 1011 si

251 1040 546 1081 omitteremus
581 1038 655 1087 δεῖ,
708 1041 807 1092 quia
857 1052 945 1082 non
994 1041 1205 1082 invenitur
1256 1041 1295 1081 in
1347 1039 1529 1093 epistula
1565 1039 1813 1082 Herodotea

250 1110 489 1152 infinitivus
523 1121 654 1152 sensu
690 1111 945 1164 imperativo
980 1114 1230 1165 usurpatus;
1282 1122 1423 1164 neque
1473 1111 1556 1153 iam
1592 1111 1813 1152 subaudiri

249 1184 395 1235 potest
429 1180 495 1220 δεῖ
538 1181 643 1223 illud
676 1194 717 1236 p.
753 1183 843 1231 5‚7;
894 1183 1043 1235 incipit
1093 1183 1203 1224 enirn
1248 1185 1377 1236 caput
1426 1193 1605 1236 prorsus
1652 1194 1814 1224 novum

250 1264 391 1305 neque
425 1263 555 1294 sensu
590 1263 731 1305 neque
772 1253 991 1306 particulis
1024 1254 1326 1307 grammaticis,
1361 1252 1478 1294 velut
1508 1249 1611 1306 μήτε
1634 1277 1686 1281 —
1709 1249 1815 1306 μήτε

248 1335 288 1377 p.
315 1322 518 1373 28‚1—-6‚
543 1323 649 1365 satis
673 1327 759 1365 arte
785 1324 1064 1366 coniunctum
1091 1336 1187 1366 cum
1213 1335 1274 1373 ea,
1310 1334 1422 1376 quae
1452 1324 1685 1373 antecedit,
1709 1335 1811 1377 pro—

254 1394 484 1446 positione.

368 1462 529 1506 Omnia
563 1468 704 1506 autern
754 1465 916 1518 optime
952 1466 1196 1508 cohaerent.
1245 1466 1280 1508 si
1314 1465 1570 1519 supplemus
1605 1463 1673 1504 δεῖ
1714 1467 1813 1507 ante

250 1546 404 1577 vocem
441 1534 613 1587 συνορᾶν
662 1540 702 1578 et
736 1536 920 1590 legimus
960 1535 1088 1576 ττιῑῑιι
1139 1535 1181 1575 δὲ
1218 1534 1494 1588 διαλαβόντας
1529 1535 1597 1575 δεῖ
1638 1534 1814 1588 συνορᾶν

253 1602 327 1661 ἤδη
365 1608 460 1659 περὶ
495 1607 577 1646 τῶν
601 1602 769 1662 ἀδήλων
790 1609 905 1650 velut
928 1608 1189 1650 simillimum
1226 1609 1266 1650 in
1301 1609 1478 1650 modum
1513 1620 1554 1662 p.
1586 1609 1680 1658 19,5
1704 1604 1810 1658 μετὰ

251 1676 293 1717 δὲ
331 1677 457 1718 ταῦτα
494 1677 563 1718 δεῖ
590 1678 764 1731 συνορᾶν
798 1683 877 1719 7,ῑέ.

367 1749 416 1791 Et
448 1749 572 1792 facile
606 1750 697 1792 fieri
735 1754 916 1804 poterat,
959 1754 1001 1792 ut
1034 1751 1306 1792 intercideret
1339 1749 1407 1790 δεῖ
1434 1750 1590 1792 vocula
1624 1751 1731 1792 inter
1763 1747 1809 1789 δέ

247 1821 518 1873 praecedens
552 1823 592 1862 et
629 1816 704 1875 ἤδη
741 1821 978 1875 insequens
1013 1822 1184 1863 inserta.

367 1891 505 1933 Velim
541 1892 666 1945 igitur
700 1904 871 1934 mecum
906 1892 1044 1946 legas:

245 1974 287 2015 p.
322 1963 423 2011 5‚12
459 1961 586 2001 ταῖῑα
613 1961 661 2002 δὲ
699 1959 1032 2014 διαλαβόνῐας
1053 1962 1099 2002 δε
1115 1961 1365 2017 [συνορᾶν
1385 1959 1473 2018 ἤδη
1493 1965 1591 2016 περὶ
1611 1963 1691 2002 τῶν
1709 1961 1808 2018 ἁδή-

460 2042 555 2074 Aaou.

491 2105 616 2148 ‘haec
635 2109 780 2148 aulem
807 2106 880 2148 ubi
898 2106 1237 2161 perceperimus,
1275 2106 1330 2148 de
1353 2107 1528 2149 incertis
1545 2107 1635 2149 iam
1662 2107 1810 2150 videre

487 2178 613 2231 ‘opus
646 2178 741 2219 est'.

246 2561 287 2602 p.
322 2549 392 2599 6,3
682 2547 797 2603 παρὰ
830 2547 908 2603 γὰρ
942 2546 986 2589 τὸ
1022 2547 1107 2589 πᾶν
1140 2543 1271 2589 οῖ”θέν
1319 2551 1441 2598 ἐστιν,
1476 2544 1497 2588 ὸ
1531 2544 1579 2588 ἂν
1612 2546 1811 2589 εἰσελθὸν

459 2623 519 2669 εἰς
552 2614 653 2659 αἰτὸ
687 2617 729 2675 τι]
766 2616 1004 2675 μεταβολήν
1035 2618 1265 2674 ποιήσαι.

455 2690 477 2724 4
503 2691 647 2733 ποιήσαι
680 2689 838 2724 Usener:
880 2691 1066 2734 ποιήσαιτο
1104 2688 1202 2735 (-ε’το
1241 2688 1287 2734 Β)
1327 2689 1425 2724 libri:
1465 2689 1809 2735 ποιῆσακὸύναι>το

459 2747 626 2789 Cronert,
657 2747 721 2785 Ru.
749 2748 801 2783 M.
828 2748 868 2783 61
900 2747 1028 2794 (1906)
1057 2758 1090 2793 p.
1117 2749 1197 2784 414.

365 2818 583 2861 Usenerus
633 2831 717 2873 qua
757 2821 921 2863 ratione
956 2823 1203 2865 commotus
1243 2818 1469 2876 ποιήσαιτο
1517 2823 1713 2864 traditum
1763 2821 1805 2863 in

244 2886 417 2943 ποιήσαι
469 2891 700 2939 mutaverit,
751 2891 902 2933 frustra
961 2893 1168 2945 quaesivi.
1248 2891 1361 2934 Nam
1411 2892 1669 2942 memineris,
1717 2894 1805 2935 tota

244 2957 489 3002 Graecitate
514 2963 753 3011 ποιεῖσθαι,
790 2974 877 3003 non
913 2966 1053 3002 ποιεῖν
1075 2963 1283 3013 adhiberi,
1319 2975 1416 3006 cum
1439 2974 1521 3017 pro
1545 2975 1631 3006 uno
1666 2963 1800 3005 verbo
