1970 3452
698 400 979 439 —37—

64 535 176 576 certe
240 533 321 576 hac
382 533 688 575 observatione
735 532 1043 585 comprobatur
1092 530 1267 573 Useneri
1331 532 1618 585 interpretatio

58 601 103 643 τὸ
138 603 211 659 τῆς
243 601 410 658 φύσεως
442 603 570 654 τέλος.
636 603 702 645 Ad
753 604 876 645 huius
923 603 1089 644 termini
1138 614 1263 644 usum
1298 602 1349 643 cf.
1383 615 1422 656 p.
1460 603 1619 652 301,12

59 677 229 727 328‚13,
264 676 472 720 Gnomol.
499 675 592 718 Vat.
628 689 687 717 nr.
709 677 777 726 25,
813 687 892 717 nec
926 687 1011 717 non
1047 687 1086 728 p.
1122 676 1511 726 119,13—123‚17‚
1547 677 1618 717 ubi

59 748 112 789 cle
148 748 282 799 ‘libro,
319 749 389 802 qui
423 751 487 790 est
523 749 576 790 de
610 759 782 789 summo
817 748 951 789 bono'
991 748 1097 800 Περὶ
1132 745 1275 795 τέλους
1308 747 1457 801 agitur.

179 819 404 862 Vertamus
437 819 562 873 igitur
597 819 777 862 Useneri
813 822 855 861 et
890 818 1087 860 codicum
1123 817 1305 860 lectione
1341 821 1527 860 retenta:

300 892 632 936 ‘Subsistentem
684 904 783 935 vero
832 892 974 946 finem
1027 903 1201 934 versure
1250 893 1398 934 animo
1446 895 1622 945 oportet

179 965 449 1017 ‘omnemque
498 964 768 1006 evidentium
819 963 879 1004 ud
933 975 1065 1017 quum
1116 974 1167 1003 eu
1224 974 1340 1015 quae
1389 963 1612 1016 opinamur

180 1035 471 1089 ‘referamus‚·
522 1035 723 1087 alioquin
758 1035 907 1076 omnia
942 1034 1157 1076 rationem
1207 1033 1358 1075 iuciI'cii
1388 1033 1618 1075 desidera-

179 1106 300 1148 ‘bunt
333 1106 634 1158 tumultusque
664 1106 801 1159 plena
837 1106 987 1147 erunt'.

59 1490 100 1532 p.
139 1477 300 1527 304,19
350 1476 497 1517 πολλοὶ
526 1477 593 1516 τοῦ
618 1475 802 1517 πλούτου
834 1474 1026 1527 τυχόντες
1060 1473 1108 1517 οἱ(
1144 1471 1225 1516 1111'
1262 1472 1507 1531 c}„†(c).)'.cc;¹1]=v
1540 1483 1620 1515 τῶν

244 1548 301 1590 20
349 1555 488 1588 κακῶν
522 1542 642 1601 εὗρον
675 1544 776 1588 ἀλλὰ
811 1546 1045 1603 ιιιετ(ιβ()ἱω)ι’
1077 1546 1289 1600 ίιιειζόιτειυκ

345 1616 572 1663 Porphyrius
612 1618 658 1653 ad
699 1618 916 1653 Marcellam
945 1617 990 1652 28
1029 1627 1063 1662 p.
1091 1618 1219 1660 208,17
1247 1618 1376 1653 Nauck

345 1678 387 1714 19
425 1680 466 1713 οὐ
496 1681 559 1724 τὴν
585 1679 717 1713 codex.

300 1737 468 1782 Seneca
502 1740 623 1792 epist.
666 1739 782 1788 l7,ll
825 1740 910 1781 ‘tibi
943 1740 1185 1782 valedicere
1226 1751 1312 1781 non
1349 1739 1443 1781 licet
1475 1740 1617 1793 gratis.

182 1810 283 1864 quid
319 1809 428 1852 istic!
465 1811 520 1852 ab
554 1810 744 1864 Epicuro
779 1813 973 1852 mutuum
1008 1821 1196 1852 sumam:
1249 1810 1407 1852 ‘multis
1441 1821 1619 1863 parasse

178 1880 347 1924 divitias
381 1893 468 1922 non
503 1881 600 1922 finis
634 1881 897 1923 miseriarum
933 1881 1010 1923 fuit
1043 1882 1120 1924 sed
1157 1880 1374 1923 mutatio‘.'

179 1952 241 1994 Ex
277 1952 418 1994 latinis
452 1954 631 2006 apparet
654 1949 867 1994 Senecam
902 1952 1003 1994 finis
1028 1964 1137 1994 voce
1162 1953 1339 1995 vertisse
1373 1948 1448 1991 τιν’
1484 1948 1618 1991 (ἔπαλ-

59 2021 187 2079 λαγήν
220 2026 290 2067 aut
322 2020 395 2079 τὴν
428 2018 686 2079 ἀπαλλαγήν,
722 2024 839 2078 quod
875 2025 1053 2077 praebet
1086 2025 1238 2066 codex,

178 2091 227 2134 οἵ»
258 2089 334 2135 τιν’
370 2090 617 2150 ἀπαλλαγήν
648 2097 682 2138 si
706 2107 786 2138 suo
819 2096 904 2138 iure
939 2098 1082 2145 staret,
1118 2094 1297 2145 Seneca,
1335 2096 1404 2149 qui
1440 2107 1617 2137 accura-

58 2167 221 2209 tissime
256 2169 419 2209 vertere
453 2167 575 2216 solet,
611 2167 682 2208 vix
732 2168 841 2210 lianc
875 2167 1160 2209 differentiam
1197 2168 1426 2215 omisisset,
1478 2177 1619 2219 neque

59 2236 238 2279 dubium
272 2239 349 2287 est,
401 2238 501 2291 quin
537 2237 648 2279 aliud
697 2238 875 2279 verbum
911 2237 1124 2280 electurus
1172 2238 1307 2286 fuerit,
1358 2237 1475 2290 quod
1523 2237 1618 2278 huic

59 2308 206 2350 sensui
241 2309 382 2361 aptior
416 2311 541 2350 esset.

179 2374 425 2434 ιῗπαλλαγήιν
458 2381 568 2421 enim
604 2381 637 2421 si
673 2380 799 2422 ‘finis’
835 2380 1153 2434 significatione
1186 2380 1411 2428 sumimus,
1463 2375 1511 2417 οὔ
1543 2373 1617 2417 τιν’

59 2451 163 2493 illud
199 2452 300 2505 poni
336 2462 423 2492 non
459 2451 584 2494 licere
619 2463 671 2493 ex
705 2451 916 2494 Thesauri
954 2451 1146 2505 plurimis
1180 2450 1390 2493 similibus
1423 2452 1617 2504 apparet.

179 2519 252 2577 τὴν
286 2516 533 2576 ἀπαλλαγήν
567 2525 722 2572 autem,
774 2522 890 2575 quod
926 2533 1102 2564 sensum
1137 2522 1296 2570 attinet,
1333 2522 1498 2575 optimo
1533 2523 1618 2563 iure

59 2595 170 2636 stare
190 2592 377 2642 videtur;
413 2605 513 2635 narn
550 2594 599 2643 ei,
635 2593 707 2646 qui
733 2593 973 2634 divitiarum
1000 2592 1143 2645 cupidi
1179 2595 1289 2641 sunt,
1326 2593 1470 2634 omnia
1505 2592 1618 2634 mala

60 2665 122 2707 eis
169 2664 348 2713 finitum,
398 2676 578 2718 prorsus
623 2665 788 2706 finitum
840 2665 883 2704 iri
933 2665 1119 2717 sperant,
1170 2675 1257 2703 non
1309 2663 1618 2705 ‘liberationem

59 2733 259 2789 aliquam'
296 2738 455 2789 petunt.
520 2729 545 2789 ἡ
571 2731 793 2788 ἀπαλλαγή·
828 2737 967 2776 autem
1003 2734 1193 2776 liberatio
1228 2733 1447 2776 definitiva
1481 2734 1619 2776 malo—

60 2817 150 2848 rum
191 2809 270 2858 est,
320 2818 406 2848 non
456 2807 679 2848 ‘liberatio'
729 2806 887 2859 aliqua.
939 2805 1056 2859 quod
1107 2805 1299 2853 verbum,
1351 2816 1480 2859 quam
1531 2816 1618 2858 quo

59 2877 114 2919 ad
135 2877 382 2919 vertendum
404 2880 595 2926 uteretur,
632 2877 841 2919 infirmius
865 2877 1090 2918 videbatur
1113 2873 1319 2918 Senecae.
1385 2874 1526 2926 Quam
1562 2877 1620 2918 ob

60 2960 152 2991 rem
186 2960 340 2990 vocem
383 2950 548 2990 acutam
602 2947 727 2989 ‘finis'
764 2947 891 3001 eligit,
942 2958 1027 3001 qua
1075 2947 1369 2990 liberationem
1419 2948 1530 2990 illam
1582 2950 1621 2989 et
