1970 3452
718 410 999 450 „33-

77 544 189 586 victu
214 546 392 594 utamur,
429 543 668 586 dummodo
703 555 845 593 omne,
882 543 1000 597 quod
1026 542 1171 585 doleat
1206 556 1281 597 per
1315 543 1517 592 inediam,
1553 543 1634 585 tol-

76 614 199 663 latur;
234 617 320 656 tum
356 615 396 656 in
431 626 483 656 eo
518 616 628 662 esse,
678 616 721 656 ut
753 625 968 656 summam
1004 614 1270 667 voluptatem
1305 614 1449 667 adepti
1483 614 1633 656 simus.

78 683 221 740 Pergit
264 686 387 728 etiam
437 685 770 738 simplicissimis
819 685 1020 738 dapibus
1069 696 1182 737 pane
1219 684 1380 727 cibario
1432 687 1472 727 et
1506 697 1632 738 aqua,

76 767 289 799 summam
314 757 578 811 voluptatem
613 757 767 806 afferri,
811 768 905 798 cum
942 767 1075 810 egens
1110 756 1209 809 quis
1243 756 1311 798 illa
1334 758 1632 810 assumpserit.

76 824 207 877 Quod
243 828 310 870 his
358 828 532 871 duobus
567 829 792 870 enuntiatis
825 840 872 870 se
906 828 1222 882 excipientibus
1259 828 1518 881 exprimitur,
1556 829 1634 869 mi—

75 899 190 941 nime
223 899 335 941 idem
372 902 454 941 est:
505 901 643 953 priore
677 901 841 941 tantuin
877 900 1026 941 dicitur
1060 911 1207 953 parem
1255 900 1520 952 voluptatem
1556 900 1635 941 da-

75 969 207 1022 pibus
255 969 524 1023 simplicibus
573 973 612 1012 et
645 970 881 1024 magnifico
916 971 1028 1012 victu
1063 981 1197 1024 posse
1247 971 1456 1024 praeberi,
1506 970 1635 1012 altera

75 1041 198 1083 etiam
234 1052 447 1083 summam
473 1042 737 1095 voluptatem
773 1043 961 1096 dapibus
986 1042 1322 1096 simplicissimis
1347 1041 1460 1083 effici
1486 1052 1633 1094 posse.

193 1111 346 1165 Neque
379 1125 482 1155 vero
516 1114 706 1155 contenti
741 1114 889 1162 simus,
930 1113 1047 1166 quod
1083 1114 1244 1154 bonum
1281 1124 1455 1154 sensum
1493 1113 1636 1154 verbis

74 1184 236 1226 tradItis
276 1184 421 1226 inesse
455 1185 826 1226 demonstravisse
875 1185 1003 1227 nobis
1050 1185 1252 1225 videmur.
1318 1185 1509 1233 Useneri‚
1558 1184 1633 1225 viri

74 1255 324 1304 acutissimi,
375 1256 588 1297 sententia
633 1256 844 1298 contraria
895 1255 1127 1297 refellenda
1180 1258 1255 1297 est.
1336 1256 1494 1303 Unum,
1545 1267 1634 1308 quo

74 1325 314 1368 offendisse
350 1327 526 1374 videtur,
570 1326 795 1379 Epicurum
832 1327 901 1368 bis
934 1327 1046 1369 idem
1082 1327 1235 1374 dicere,
1287 1328 1366 1368 iam
1403 1327 1636 1368 adumbra-

75 1398 229 1439 vimus.
295 1397 421 1439 Aliud
457 1398 641 1440 accedit:
694 1393 819 1452 ἀηδία
870 1411 955 1439 non
1007 1400 1120 1440 extat
1169 1399 1207 1439 in
1245 1399 1484 1452 Epicureis3
1534 1399 1635 1451 quin

75 1469 199 1511 etiam
237 1468 399 1510 mireris
431 1469 514 1511 tale
546 1469 649 1522 quid
697 1470 735 1511 in
772 1469 994 1522 Epicureis
1028 1470 1122 1523 legi,
1171 1469 1297 1522 quale
1348 1469 1456 1511 cibis
1490 1469 1635 1511 cuius-

76 1540 384 1593 cumquemodi
435 1541 579 1582 taedio
631 1551 711 1581 nos
760 1540 887 1582 affici.
958 1538 1043 1582 Sed
1094 1541 1173 1582 hac
1224 1541 1471 1581 coniectura
1521 1540 1634 1583 facta

75 1612 294 1656 Usenerus
334 1612 477 1654 facere
517 1623 604 1653 non
638 1613 787 1665 potuit,
838 1614 939 1664 quin
989 1612 1163 1654 alteram
1214 1612 1466 1665 adiungeret
1500 1606 1633 1659 ἕὲπαξ;

73 1683 200 1726 altera
230 1683 285 1725 ab
319 1683 448 1725 altera
488 1682 663 1736 pendet.
730 1682 885 1735 Neque
920 1695 1020 1724 vero
1056 1685 1180 1731 recte,
1231 1682 1265 1723 si
1316 1686 1435 1724 tenes
1472 1677 1633 1736 ἡδονήν,

74 1755 341 1809 comparavit
378 1754 596 1797 Usenerus
639 1766 733 1795 cum
786 1756 868 1796 lioc
919 1755 1016 1796 loco
1067 1755 1180 1796 illum
1217 1767 1257 1808 p.
1294 1755 1423 1803 6217
1458 1748 1557 1792 ὅταν
1591 1752 1635 1793 δὲ

75 1819 189 1872 ἅπαξ
223 1824 343 1865 τοῦτο
393 1827 488 1878 περὶ
526 1820 634 1880 ἡμᾶς
667 1830 830 1881 γένηται
867 1830 905 1868 et
940 1827 1082 1868 locun]
1131 1826 1186 1867 illi
1237 1827 1366 1880 plane
1399 1826 1632 1881 gemellum

72 1899 178 1940 sent.
204 1896 333 1939 XVIII
357 1895 533 1937 ἐπειδὰν
556 1892 671 1945 ἅπαξ
696 1895 737 1936 Τὸ
762 1892 851 1937 κατ’
876 1897 1041 1937 ἔνδειαν
1064 1892 1213 1950 ἀλγοῦν
1236 1897 1457 1951 ἐξαιρεθῇ.
1511 1895 1637 1940 Certe

71 1970 197 2019 recte,
222 1968 340 2022 quod
366 1969 535 2023 gemelli
561 1972 658 2011 sunt
682 1969 764 2010 loci
790 1969 969 2023 p.62‚17
998 1972 1037 2012 et
1060 1972 1167 2011 sent.
1194 1968 1336 2019 XVIII,
1363 1979 1475 2022 quos
1500 1969 1634 2010 modo

72 2039 257 2089 laudavi,
307 2040 384 2082 sed
421 2040 476 2082 nil
521 2041 576 2081 ad
626 2041 738 2082 hunc
776 2041 920 2093 quode
969 2041 1139 2095 agimus
1174 2041 1339 2082 locum:
1391 2039 1473 2081 illis
1525 2039 1633 2081 locis

71 2110 209 2164 agitur
231 2110 285 2152 de
307 2111 527 2164 voluptate
553 2112 634 2153 iam
661 2114 819 2164 parata,
844 2112 913 2153 hic
937 2112 990 2153 de
1010 2111 1231 2165 voluptate
1255 2111 1459 2165 paranda.
1494 2109 1633 2162 Atque

73 2182 274 2235 quamvis
292 2181 448 2224 Similia
465 2182 692 2224 sintverba
702 2186 808 2224 Seni.
823 2179 1137 2224 XVIIIs'rcffllc'w
1156 2176 1290 2236 HascEJ}
1305 2178 1343 2221 τὸ
1364 2175 1453 2220 κατ’
1471 2179 1636 2220 ἔνδειαν

73 2247 221 2304 ἀλγοῦν
254 2251 458 2306 ἐξαιρεθῇ
493 2254 531 2294 et
564 2265 603 2306 p.
632 2253 763 2302 6323
797 2247 894 2291 ὅταν
928 2247 1041 2291 έὶιταν
1078 2250 1119 2291 τὸ
1154 2248 1303 2305 ἀλγοῦν
1328 2247 1436 2293 ,καί
1471 2250 1635 2291 ἔνδειαν

71 2322 287 2376 ἐξαιρεθῇ.
312 2323 489 2376 parvula
513 2326 627 2365 extat
650 2323 900 2365 differentia.
938 2322 1022 2365 Illic
1040 2317 1156 2373 c‘c‘sccc'g‘
1179 2335 1274 2365 curn
1300 2325 1478 2365 accentu
1498 2335 1634 2364 enun-

70 2394 200 2436 tiatur
233 2397 273 2436 et
297 2395 515 2447 positione
541 2395 861 2447 coniunguntur
884 2397 968 2437 arte
993 2392 1036 2433 τὸ
1063 2389 1151 2434 κατ’
1176 2393 1339 2434 ἔνδειαν
1363 2389 1534 2447 ἀλγοῦν;
1565 2394 1633 2435 hic

72 2459 187 2504 ἅπαν
204 2462 248 2504 τὸ
269 2460 418 2518 ἀλγοῦν
435 2468 672 2508 enuntiatur
691 2477 785 2508 cum
807 2468 985 2508 accentu
1007 2468 1046 2508 et
1064 2478 1151 2507 non
1172 2465 1313 2507 solum
1335 2477 1431 2507 cum
1453 2459 1568 2504 ἅπαν
1586 2461 1631 2503 τὸ

72 2530 220 2588 ἀλγοῦν
252 2536 330 2579 sed
356 2536 482 2579 etiam
507 2548 602 2578 cum
628 2535 832 2590 ἐξαιρεθῇ
857 2537 1214 2591 coniungendum
1252 2539 1315 2579 est
1340 2533 1428 2575 κατ’
1453 2535 1629 2577 ἔνδειαν.

71 2606 184 2648 Num
208 2607 377 2649 tolerari
402 2608 540 2660 possit
564 2609 662 2650 artis
687 2609 996 2662 grammaticae
1021 2608 1178 2662 regulis
1203 2606 1382 2650 Useneri
1409 2601 1526 2657 ἅπαξ
1547 2607 1563 2659 ΙΙ
1588 2604 1632 2647 τὸ

72 2671 373 2730 ἅλγοῦνΙΙκατ’
422 2677 596 2721 ἔνδειαν,
646 2679 812 2722 dubito.
892 2678 1017 2720 Aliud
1067 2682 1130 2721 est
1178 2691 1219 2732 p.
1255 2679 1355 2729 72,6
1394 2675 1435 2718 w'
1471 2676 1629 2730 <τὸ>

73 2742 221 2800 ἀλγοῦν
253 2742 342 2786 κατ’
367 2747 540 2798 ἔνδειαν,
577 2749 647 2791 ubi
673 2763 726 2792 ne
759 2761 805 2791 se
832 2750 1049 2804 excipiant
1082 2746 1127 2788 τὸ
1160 2746 1205 2788 τὸ
1229 2746 1334 2788 κατά
1358 2751 1633 2805 postponitur

71 2819 174 2861 illud
207 2813 296 2858 κατ’
332 2819 504 2860 ἑνδειαν.
