1970 3452
872 431 1152 472 —26-

443 577 714 627 κμαίρεσθαι,
736 578 880 627 ὥσπερ
900 580 1116 626 ιιροεῖπον.
1145 573 1295 623 τόπος
1321 575 1368 615 δὲ
1395 578 1438 615 εἰ
1459 573 1522 630 μὴ
1549 565 1620 630 ἧν,
1645 569 1698 614 ὸν
1720 588 1788 613 κε-

443 644 508 685 νὸν
532 648 599 685 καὶ
622 648 764 699 χώραν
787 647 853 685 καὶ
878 641 1020 700 ἀναφῆ
1057 644 1181 700 φύσιν
1204 642 1476 698 ὀιόλιιςὶζομεν,
1512 641 1584 685 οὐκ
1619 641 1668 684 ἂν
1700 644 1786 695 εἶχε

325 718 374 760 lO
438 715 487 756 τὰ
521 720 694 767 σώματα
743 712 853 756 Ham·
903 709 948 772 ἦν
997 713 1091 757 οῦδὲ
1146 717 1186 757 δι’
1239 711 1285 757 οἶ·
1312 770 1315 772 μ
1339 722 1528 769 ἐκινεῖτο,
1584 714 1789 771 καθάπερ

442 791 636 843 φαίνεαι(
673 784 908 839 κινούμενα.

438 859 459 892 5
487 858 560 892 ἔστι
579 863 681 897 σῶμα
720 859 763 891 τὰ
792 861 853 898 μὲν
875 858 901 892 Β
930 857 990 893 13¹:
1020 858 1093 893 ἔστι
1113 860 1261 899 σώματα
1280 860 1343 901 μὲν
1370 859 1413 894 1³2
1442 860 1484 894 F:
1515 861 1590 893 ἐστι
1613 859 1790 900 <abstenta

441 919 495 951 καὶ
523 919 658 956 τιὶποςῗ»
683 945 688 950 .
718 918 866 958 σώματα
894 918 1016 961 suppl.
1045 917 1245 954 Usellerus.
1321 918 1343 952 8
1363 922 1535 962 προεῖπον
1554 919 1594 951 τὸ
1613 919 1789 962 πρόσθεν·

441 979 471 1011 εἷ
496 979 545 1021 μὴ
574 977 672 1012 libri:
701 980 883 1019 προεῖπον·
912 978 1021 1016 τόπος
1049 978 1086 1010 δὲ
1114 978 1145 1011 εἰ
1175 979 1225 1023 μὴ
1252 978 1348 1012 coni.
1377 977 1568 1013 Usenerus
1621 976 1671 1022 ἓν]
1700 980 1737 1011 ὂν
1763 975 1791 1011 Ρ

441 1037 486 1070 F:
516 1035 534 1069 ὃ
564 1036 602 1070 Β.

348 1110 425 1152 Hic
475 1111 699 1152 notissima
749 1110 890 1152 otiose
926 1110 1169 1153 Usenerum
1220 1112 1450 1153 inseruisse
1500 1111 1612 1152 dico.
1678 1109 1788 1151 Nam

227 1194 269 1222 re
318 1193 417 1223 vera
465 1181 652 1223 scientes
702 1180 755 1221 illi
806 1181 1009 1222 monendi
1061 1185 1178 1223 erant
1227 1193 1412 1235 corpora
1445 1185 1484 1223 et
1517 1182 1642 1223 inane
1692 1191 1789 1222 esse

228 1255 417 1294 naturam
444 1251 614 1293 rerum?
655 1277 701 1280 —
738 1250 822 1294 Sed
848 1252 949 1304 quid
975 1253 1148 1293 traditur
1172 1251 1321 1294 libris?
1357 1251 1653 1296 Recordemur
1686 1251 1790 1293 illud

228 1325 325 1362 θεοὶ
358 1326 433 1373 μὲν
466 1320 543 1375 γὰρ
566 1324 680 1362 εἰσίν·
717 1320 890 1376 ἐναργής
923 1319 1000 1374 γὰρ
1024 1317 1160 1362 αι’·ῑῶν
1184 1326 1292 1362 ἐστιν
1328 1318 1347 1377 ᾗ
1383 1329 1532 1375 γνῶσις
1567 1321 1628 1377 (p.
1653 1322 1788 1375 OOA).

229 1394 340 1435 Num
376 1394 496 1435 aliter
536 1392 654 1435 hiCP:
701 1388 828 1432 lima
861 1390 943 1448 μὴν
976 1395 1043 1432 καὶ
1080 1391 1122 1433 Τὸ
1173 1394 1257 1433 ,τᾶν
1290 1394 1422 1435 forr?
1462 1419 1511 1422 --
1548 1392 1788 1444 QuomOdO

229 1466 436 1518 Epicurus
471 1466 554 1507 hoc
579 1465 872 1506 demonstrare
908 1465 1085 1519 potest?
1122 1465 1401 1508 Demonstrat
1435 1468 1577 1520 partes
1601 1465 1787 1507 universi

231 1548 346 1578 esse:
382 1540 482 1578 sunt
515 1547 712 1590 corpora,
764 1539 827 1578 est
863 1538 1002 1578 inane.
1068 1537 1177 1579 Turn
1214 1539 1368 1591 pergit:
1422 1540 1476 1580 ‘at
1509 1539 1674 1591 praeter
1708 1537 1790 1579 ista

230 1607 331 1648 nihil
369 1603 545 1660 cogitari
581 1609 752 1660 potest’.
818 1605 888 1649 Sic
922 1608 1067 1649 omnia
1101 1608 1266 1660 optime
1301 1609 1542 1650 cohaerent.

348 1677 509 1720 Contra
546 1677 784 1720 Usenerum
820 1682 860 1720 et
889 1679 983 1727 hoc,
1019 1679 1137 1731 quod
1173 1679 1303 1732 paulo
1339 1690 1468 1732 supra
1502 1678 1788 1732 exposuimus

231 1751 281 1791 de
333 1750 489 1803 duplici
539 1750 609 1791 illo
660 1750 877 1791 enuntiato
927 1749 1038 1792 falso
1089 1750 1172 1792 illic
1221 1761 1244 1791 a
1297 1749 1534 1793 Croenerto
1583 1750 1787 1791 instituto.

231 1820 338 1862 Nam
376 1822 439 1862 hic
474 1832 650 1874 quoque
684 1821 796 1862 sicut
830 1832 868 1873 p.
905 1821 1005 1870 5,15
1040 1821 1252 1863 sententia
1285 1821 1414 1863 altera
1455 1819 1513 1874 (v.
1549 1818 1596 1873 8)
1631 1819 1788 1862 eodem

230 1892 362 1933 modo
398 1893 694 1945 propositione
728 1893 781 1933 ab
816 1896 853 1930 m*
887 1893 1193 1934 coniunctione
1227 1892 1443 1946 pendente
1485 1891 1619 1933 irreali
1654 1891 1788 1932 intro-

230 1961 441 2004 ducitur‘24.

348 2033 429 2075 Pro
479 2035 608 2075 nobis
656 2037 693 2075 et
743 2045 854 2087 quae
901 2034 1117 2076 traduntur
1165 2034 1221 2075 ibi
1265 2046 1303 2074 v.
1353 2034 1391 2075 8.
1474 2033 1627 2086 Neque
1677 2034 1789 2075 enim

231 2103 408 2146 Useneri
459 2109 597 2146 textus
639 2106 767 2146 teneri
817 2108 972 2159 potest,
1023 2106 1101 2146 nisi
1151 2105 1276 2147 simul
1325 2105 1522 2148 inseritur
1570 2106 1640 2143 καί
1687 2106 1789 2158 post

228 2170 284 2215 Σίν.
350 2174 435 2218 Sed
460 2177 623 2229 optime
657 2176 739 2218 iam
765 2175 1006 2229 Briegerus,
1043 2175 1225 2229 Epikurs
1260 2176 1392 2218 Lehre
1424 2188 1512 2217 von
1547 2176 1623 2217 der
1646 2173 1784 2225 Seele‚

346 2329 400 2363 24.
429 2328 584 2363 Miretur
611 2329 704 2373 quis,
734 2338 798 2363 cur
826 2329 883 2363 hic
911 2333 956 2371 et,
997 2338 1106 2373 quem
1137 2329 1251 2363 modo
1282 2328 1537 2369 tractavimus,
1579 2328 1664 2362 loco
1705 2336 1791 2361 sen-

228 2387 362 2421 tentiae
384 2387 613 2430 posteriores
641 2387 799 2422 formam
829 2388 1012 2423 induerint
1040 2388 1331 2432 hypotheticam.
1385 2387 1467 2423 Hoc
1493 2387 1618 2432 quode
1645 2387 1791 2431 agimus

229 2446 324 2487 loco,
354 2457 386 2490 p.
415 2447 576 2488 6‚5—11‚
605 2448 673 2482 hae
693 2450 818 2482 extant
844 2448 1059 2489 sententiae,
1088 2448 1207 2491 prior:
1237 2450 1312 2482 ‘cur
1340 2450 1424 2482 sunt
1442 2447 1628 2491 corpora’‚
1657 2446 1791 2481 altera:

230 2507 303 2538 ‘cur
331 2509 386 2539 est
414 2506 548 2543 inane’:
578 2506 664 2540 illud
692 2505 872 2551 (corpora
900 2505 1004 2550 esse)
1033 2516 1186 2541 sensum
1216 2506 1343 2541 testari
1372 2506 1459 2541 dicit
1486 2505 1679 2550 Epicurus,
1719 2505 1790 2539 hoc

230 2564 354 2607 (inane
374 2565 476 2609 esse)
497 2565 817 2609 argumentatione
833 2565 1009 2600 indirecta
1030 2565 1280 2600 confirmatur.
1310 2564 1439 2600 Priore
1458 2566 1545 2599 loco
1565 2575 1599 2609 p.
1615 2564 1790 2606 5,3-6,1‚

229 2624 296 2657 hae
336 2624 550 2659 sententiae.
591 2625 722 2659 altera:
765 2625 861 2659 ‘nihil
902 2625 948 2659 de
988 2625 1102 2658 nihilo
1146 2624 1328 2668 gignitur’,
1371 2623 1577 2668 posterior:
1618 2622 1714 2658 ‘nihil
1742 2621 1818 2658 ad'

228 2682 375 2716 nihilum
403 2683 553 2723 interit'3
582 2693 708 2717 rursus
737 2684 823 2718 illud
851 2683 958 2718 facile
986 2683 1218 2727 intellegitur,
1260 2683 1331 2717 hoc
1367 2682 1688 2727 argumentatione
1715 2692 1789 2717 non

228 2741 298 2775 iam
327 2741 484 2785 simplici
514 2742 660 2786 indiget.
714 2743 839 2786 lgitur:
868 2742 1044 2778 differunt
1071 2742 1336 2787 perspicuitate
1364 2742 1583 2782 sententiae,
1614 2741 1789 2777 differunt

228 2801 369 2841 forma;
398 2802 603 2836 sententiae
631 2801 788 2845 simplici
829 2805 864 2836 et
891 2811 1000 2846 quam
1030 2801 1200 2844 protinus
1229 2800 1448 2845 perspicias,
1490 2800 1702 2844 propositio
1731 2799 1788 2835 di-

229 2861 329 2893 recta
357 2863 391 2892 et
419 2859 579 2902 simplex
606 2862 661 2894 est
689 2860 880 2903 adaptata,
921 2859 1103 2894 sententia
1131 2859 1318 2894 difficilior
1346 2862 1391 2900 et,
1421 2868 1517 2903 quae
1543 2868 1657 2894 sensu
1684 2868 1791 2894 com-

229 2916 326 2951 muni
355 2926 428 2950 non
456 2922 528 2951 tam
557 2917 665 2952 facile
693 2918 927 2962 percipiatur,
966 2927 1040 2953 non
1081 2917 1149 2953 nisi
1178 2918 1301 2953 forma
1327 2917 1600 2960 artificiosiore,
1640 2917 1699 2953 hic
1738 2917 1790 2953 in-

229 2976 368 3012 directa
395 2978 430 3010 et
456 2976 695 3020 hypothetica
723 2977 947 3022 exprimitur.
