1970 3452
900 448 1180 487 -12-

381 580 475 623 Hoc
510 592 561 622 ex
595 581 692 622 loco
727 582 912 623 maxime
947 585 1138 635 apparet,
1174 593 1303 635 quam
1340 584 1439 625 utile
1474 585 1526 626 sit
1559 584 1820 638 glossarium

263 651 364 693 illud
399 651 453 693 ad
490 650 655 705 Epicuri
689 652 821 694 verba
866 654 977 694 recte
1012 653 1328 695 constituenda.
1395 654 1506 696 Nam
1557 655 1591 696 si
1641 657 1822 709 accepta

263 722 507 763 coniectura
556 721 624 763 illa
663 721 861 775 Briegeri‚
912 733 996 775 qua
1038 723 1248 776 optimum
1298 734 1476 766 sensum
1526 724 1640 767 effici
1692 736 1821 767 nemo

263 793 448 846 negabit,
484 804 547 841 ea,
583 803 693 845 quae
719 793 784 834 hic
819 793 881 834 vir
904 793 1062 835 doctus
1097 793 1242 847 lingua
1275 795 1503 837 vernacula
1536 795 1620 845 dat,
1656 794 1822 839 Graece

262 863 477 912 vertimus,
513 864 694 916 apparet
743 875 838 905 eum
885 866 1030 917 spreta
1065 863 1244 906 Useneri
1294 863 1478 907 lectione
1528 866 1583 908 ad
1628 867 1821 908 traditam

263 933 464 975 librorum
514 934 765 975 memoriam
816 927 1151 973 ἀποτελεστικῶν
1185 935 1365 977 rediisse
1415 938 1455 977 et
1488 935 1705 990 glossario
1741 937 1822 978 do-

263 1016 405 1045 cemur
439 1008 663 1057 utrumque
698 1008 807 1046 recte
843 1005 971 1046 scribi
1005 1006 1242 1047 secundum
1279 1017 1441 1048 morem
1476 1007 1658 1060 Epicuri.

380 1074 441 1116 Ac
475 1075 659 1128 primum
696 1076 869 1128 quidem
904 1072 1114 1128 ἔκθλιψις
1147 1089 1234 1118 vox
1267 1088 1366 1118 vere
1401 1076 1611 1130 Epicurea
1644 1089 1821 1131 prorsus

262 1145 447 1187 similem
502 1146 541 1187 in
600 1146 776 1187 modum
832 1149 1059 1200 usurpatur
1111 1159 1152 1200 p.
1202 1147 1332 1197 50,15
1381 1142 1631 1201 κρύσταλλος
1687 1161 1823 1188 συντε-

260 1214 390 1255 λεῖται
427 1217 495 1255 καὶ
545 1210 634 1254 κατ’
669 1212 882 1267 ἔκθλιψιν
927 1219 1004 1267 μὲν
1052 1216 1121 1255 τοῦ
1165 1216 1422 1272 περιφεροῦς
1456 1218 1744 1272 σχηματισμοῦ
1779 1222 1823 1259 ἑκ

262 1286 332 1328 τοῦ
366 1282 518 1336 ἶῖὄατος
552 1292 590 1330 et
623 1300 664 1342 p.
697 1288 864 1337 19625,
900 1289 973 1330 ubi
1007 1289 1144 1342 agitur
1177 1290 1231 1331 de
1254 1289 1458 1342 ἐκθλίψει
1494 1296 1575 1329 τῶν
1609 1293 1822 1341 στοιχειώ-

263 1359 344 1399 δων
378 1357 595 1409 σωμάτων.
631 1359 848 1411 ἐκθλίβειν
871 1363 1010 1402 autem
1037 1361 1193 1403 eodem
1218 1361 1352 1403 modo
1378 1361 1529 1403 dicitur
1562 1373 1648 1403 non
1681 1362 1822 1404 solum

263 1431 314 1472 de
365 1429 652 1481 στοιχειώδεσι
705 1432 865 1481 σώμασι
922 1443 962 1484 p.
1020 1431 1171 1477 l96,24
1224 1434 1264 1473 et
1311 1432 1365 1474 de
1415 1427 1589 1482 ἀτόμοις
1638 1434 1825 1483 σώμασιν

262 1514 302 1555 p.
338 1501 512 1551 215,22,
547 1502 624 1543 sed
675 1502 799 1544 etiam
835 1502 888 1544 de
921 1497 1011 1554 ἀέρι
1063 1504 1161 1556 ipSO
1212 1515 1253 1556 p.
1290 1504 1433 1553 216,4.
1500 1499 1824 1552 ἀποτελεστικός

260 1585 362 1614 vero
397 1573 574 1626 saepius
620 1573 770 1627 legitur
809 1577 849 1615 et
896 1575 950 1615 ita
985 1574 1176 1627 quidem,
1226 1577 1270 1616 ut
1315 1574 1520 1617 omnibus
1567 1575 1676 1617 locis
1725 1586 1822 1617 cum

262 1655 445 1696 corpore
470 1643 696 1693 efficiente,
733 1656 945 1698 nusquam
972 1656 1066 1687 cum
1092 1645 1260 1687 actione
1285 1646 1499 1688 efficiente
1524 1647 1821 1701 coniungatur,

261 1714 377 1756 velut

261 1799 302 1839 p.
336 1786 437 1835 45,5
472 1783 576 1825 κατὰ
610 1783 876 1839 παράτριψιν
926 1789 992 1826 καὶ
1034 1784 1276 1841 σύγκρουσιν
1324 1794 1460 1842 νεςῐῶν
1493 1783 1514 1827 ὁ
1549 1785 1680 1841 πυρὸς
1715 1784 1820 1829 ἀπο-

475 1854 706 1906 τελεστικὸς
754 1856 1042 1912 σχηματισμὸς
1091 1857 1395 1906 ἑξολισθαιίἰιιν
1436 1854 1654 1914 ἀστραπὴν
1685 1859 1820 1914 γεννᾷ.

260 1940 300 1982 p.
336 1929 436 1978 46,2
470 1926 573 1968 κατὰ
610 1924 820 1968 ἔκπτωσιν
853 1926 986 1981 πυρὸς
1020 1925 1354 1970 ἀποτελεστικῶν
1388 1925 1555 1982 ἀτόμων

261 2012 301 2053 p.
336 2000 437 2049 46,8
470 1996 539 2039 τὸν
573 1994 790 2054 ἀστραπῆς
825 1994 1147 2040 ἀποτελεστικὸν
1181 1999 1469 2055 σχηματισμόν

261 2084 301 2125 p.
336 2072 438 2122 50,4
471 2068 575 2110 κατα
622 2068 791 2111 ‹Ji-wodor
840 2077 920 2111 τῶν
955 2069 1164 2123 τοιούτων,
1216 2069 1240 2111 ἃ
1274 2072 1346 2121 τῗς
1378 2071 1574 2128 τοιαίτος
1623 2068 1822 2127 ’ἱγρασίας

473 2137 775 2183 ἀποτελεστικὰ
809 2145 965 2196 γίνεται

261 2227 302 2268 p.
337 2215 438 2264 54,4
470 2213 574 2254 κατὰ
610 2212 779 2255 σι’νοὸον
813 2210 982 2266 ἀτόμων
1014 2213 1149 2268 πυρὸς
1183 2211 1520 2257 ἀποτελεστικῶν

261 2285 435 2337 p.117,2
470 2282 585 2333 τινὰς
619 2279 800 2337 ἀτόμους
835 2288 1075 2338 θερμασίας
1107 2281 1436 2334 ἀποιελεστικάς

379 2354 595 2406 Quoniam
650 2357 774 2410 igitur
826 2368 998 2410 semper
1051 2369 1149 2399 curn
1206 2358 1462 2412 corporibus
1527 2358 1819 2401 efficientibus

263 2424 570 2480 (σχηδιιατισιιός
602 2427 669 2468 vel
711 2422 880 2481 ἄτομοι)
916 2429 1202 2482 coniungatur
1235 2423 1570 2479 ἀποτελεστικός,
1605 2439 1819 2482 nusquam

262 2509 358 2538 Cum
392 2499 560 2539 actione
595 2495 857 2550 (σι’-γκροι-σις
889 2494 1101 2547 ἔκπτωσις
1136 2496 1339 2554 σύνοδος),
1381 2500 1463 2541 hoc
1513 2511 1688 2554 quoque
1721 2500 1820 2542 lOCO

263 2567 446 2620 Epicuro
481 2580 605 2610 suum
639 2570 871 2619 reddimus,
914 2582 1008 2612 cum
1043 2570 1318 2620 restituimus,
1354 2570 1472 2623 quod
1505 2571 1704 2613 traditum
1740 2574 1816 2621 est,

263 2632 607 2679 ἀποτελεστικῶν.
1801 2638 1804 2641 '

382 2708 518 2762 Atque
552 2710 665 2752 aliud
700 2711 829 2752 velim
865 2712 1092 2754 observes:
1139 2722 1382 2766 pronomen
1415 2711 1683 2754 indefinitum
1718 2711 1820 2754 illud

264 2777 382 2828 τινός,
431 2781 547 2833 quod
581 2783 754 2823 traditur
788 2783 937 2824 codice
972 2782 1018 2833 Β,
1054 2783 1192 2831 habet,
1244 2783 1363 2836 quod
1397 2782 1689 2832 addubitetur;
1741 2793 1820 2824 nec

263 2851 372 2891 enim
408 2851 622 2893 invenitur
654 2853 735 2894 tale
769 2853 872 2906 quid
898 2854 939 2895 in
971 2854 1182 2907 exemplis
1216 2865 1327 2907 quae
1351 2853 1489 2903 attuli3
1521 2856 1683 2896 tantum
1707 2856 1822 2897 extat

262 2917 395 2972 πυρός
427 2920 488 2976 (p.
524 2923 623 2973 45,5
656 2924 756 2969 462
791 2924 925 2979 54,4),
978 2919 1195 2980 ἀστραπῆς
1244 2923 1304 2979 (p.
1337 2924 1471 2979 46,8),
1520 2924 1592 2980 τῆς
1625 2920 1821 2980 τοιαύτης

262 2985 458 3044 ’ὑγρασίας
492 2991 552 3047 (p.
588 2993 721 3050 50,4)‚
772 2997 1012 3050 θερμασίας
1046 2996 1107 3053 (p.
1149 2997 1307 3053 117‚2).
1374 2994 1535 3040 Contra
1583 3009 1646 3044 eo,
1697 2997 1815 3051 quod
