1970 3452
704 394 985 435 -35-

65 528 259 570 secunda
294 528 467 571 demum
503 541 645 579 manu,
686 529 849 572 scilicet
882 531 1148 580 correctoris,
1200 531 1270 584 qui
1304 530 1414 572 alios
1449 530 1626 572 codices

65 600 253 650 contulit,
289 600 482 642 additum
518 602 594 643 est.
660 600 775 642 Idem
796 600 943 643 ‚codex
977 603 1119 643 autem
1155 604 1195 643 et
1229 613 1322 643 cum
1359 613 1410 643 eo
1438 599 1485 642 p]
1524 603 1627 653 post

63 664 190 724 ἡδονή
209 671 418 725 praebent
434 677 502 722 τῶ,
523 672 642 725 quod
661 671 879 715 Usenerus
901 672 1024 714 ‘male
1043 673 1257 714 traiectam
1280 672 1624 714 terminationem

64 743 298 795 passivam’
335 743 458 785 vocis
492 744 738 785 decurtatae
773 738 1036 783 κατεπύκνου
1068 754 1164 785 esse
1200 744 1362 796 putavit
1412 741 1485 796 (cf.
1521 743 1620 784 adn.

65 813 152 855 crit.
190 812 402 868 Useneri).
439 815 532 868 Ego
567 815 704 863 aliter;
740 827 837 857 nam
873 816 906 857 si
942 815 1139 869 legimus,
1175 816 1294 868 quod
1319 817 1435 857 extat
1468 816 1507 856 in
1544 826 1619 855 co-

64 885 158 927 dice
191 884 258 936 Bl,
307 888 448 928 textus
495 887 697 939 optimus,
747 889 886 939 atque,
938 889 981 928 ut
1030 886 1159 939 paulo
1210 886 1318 928 inira
1366 885 1626 934 videbimus,

63 957 186 998 unice
221 968 347 999 verus
380 960 562 1011 apparet
586 990 592 997 .
621 991 627 998 .
655 991 662 998 .
687 951 815 1012 ἡδονὴ
848 964 907 1007 τῷ
943 955 1076 1011 χρόνῳ
1102 990 1110 997 .
1139 990 1145 995 .
1174 990 1179 995 .

183 1027 305 1070 l-lanc
354 1027 582 1070 lectionem
633 1041 674 1070 re
720 1040 821 1071 vera
868 1030 1075 1082 optimam
1126 1039 1223 1070 esse
1272 1040 1324 1069 ex
1374 1038 1453 1069 usu
1504 1028 1626 1069 vocis

63 1093 212 1151 χρόνος
257 1100 546 1153 cognoscitur,
598 1111 727 1153 quam
779 1100 860 1141 hoc
895 1111 1025 1142 sensu
1060 1099 1234 1142 articulo
1285 1101 1498 1141 carentem
1539 1111 1626 1140 non

63 1169 272 1211 invenies.
340 1167 502 1212 Contra
535 1181 631 1212 cum
667 1171 842 1212 articulo
882 1171 1007 1212 etiam
1043 1171 1081 1211 in
1114 1171 1334 1223 Epicureis
1370 1182 1456 1211 non
1491 1169 1625 1211 semel

63 1240 224 1294 legitur,
260 1241 388 1289 velut,
424 1244 466 1283 ut
500 1253 629 1282 unum
656 1241 901 1294 exemplum
938 1240 1129 1289 afferam,
1167 1238 1295 1294 Diog.
1324 1240 1456 1282 Laert-
1491 1239 1520 1281 ll
1555 1239 1623 1288 89,

63 1309 125 1365 (p.
157 1310 339 1365 29421)
376 1309 602 1351 ἐκλύεσθαι
638 1309 716 1366 γὰρ
751 1320 807 1363 τῷ
842 1310 974 1365 χρόνῳ
1010 1308 1054 1350 τὸ
1094 1311 1162 1366 τῆς
1198 1311 1338 1366 ψυχῆς
1371 1313 1536 1365 κίνιιχιια.

184 1382 282 1424 Νοη
325 1385 410 1425 tam
446 1384 715 1426 confidenter
764 1384 951 1425 iudicare
986 1394 1225 1436 possumus
1274 1383 1327 1424 de
1361 1393 1471 1423 voce
1506 1396 1623 1421 κατε-

63 1450 234 1494 πύκνου.
300 1454 409 1496 Nam
446 1466 530 1508 ego
556 1456 729 1508 quidem
765 1455 853 1496 fieri
879 1465 1012 1508 posse
1038 1465 1238 1496 censeam
1274 1456 1316 1495 ut
1349 1453 1478 1495 etiam
1504 1467 1625 1492 καῖε-

66 1522 222 1564 πύκνου
276 1525 428 1568 eadem
490 1526 808 1580 significatione
858 1538 943 1580 qua
992 1524 1301 1565 κατεπυκνοῦτο
1365 1525 1627 1567 adhibeatur.

62 1593 148 1638 Sed
187 1597 322 1638 rarius
355 1597 585 1639 adhibetur
617 1598 725 1639 haec
757 1608 859 1647 vox,
902 1609 1029 1650 quam
1066 1600 1107 1638 ut
1142 1609 1192 1638 ex
1227 1595 1437 1637 similibus
1472 1596 1625 1636 diiudi-

63 1667 146 1709 cari
196 1668 349 1720 possit.
416 1668 580 1710 Nloneo
615 1671 775 1710 tantum
822 1668 1002 1709 similem
1053 1679 1177 1709 usum
1213 1668 1443 1708 verborum
1479 1680 1627 1717 κατορ-

63 1734 162 1777 θὸω
187 1732 317 1778 ἇλιόω
350 1737 602 1779 nasturcium.
640 1764 692 1767 —
728 1737 847 1781 Stant
880 1739 971 1780 libri
998 1738 1031 1779 Β
1067 1738 1113 1780 Ρ1
1143 1734 1443 1791 (καῑέῑτιῗκνοιζ)
1479 1740 1627 1779 contra

64 1807 120 1850 Ρ2
168 1809 197 1850 F
246 1807 616 1863 (xccren·t·m›0·{ro);
667 1812 801 1853 maior
850 1814 913 1852 est
966 1811 1198 1852 auctoritas
1248 1811 1448 1862 priorum,
1499 1818 1625 1861 quos,

61 1891 158 1921 cum
184 1879 217 1922 Β
251 1881 378 1922 etiam
414 1881 454 1922 in
490 1880 663 1934 reliquis
697 1883 856 1923 rectum
893 1880 1146 1934 praebuerit,
1182 1880 1303 1933 sequi
1339 1879 1522 1921 audeam
1558 1880 1625 1928 ita,

64 1953 107 1992 ut
140 1952 337 1993 scribam.

66 2022 323 2076 p.73,lOIX
354 2024 404 2063 El
451 2021 752 2063 κατετύκνου
800 2023 914 2063 πᾶσι(
966 2018 1089 2078 ἡδονὴ
1143 2030 1203 2073 τῷ
1246 2020 1379 2075 χρόνῳ
1426 2023 1495 2061 καὶ
1530 2022 1628 2074 περὶ

276 2086 372 2133 ὅλον
394 2091 438 2133 τὸ
459 2088 676 2147 &Spatana
697 2090 880 2149 ιῗπῇρχεν
907 2090 929 2148 ἢ
954 2091 1003 2133 τὰ
1036 2095 1272 2145 κυριώτατα
1304 2096 1410 2145 μέρη
1446 2090 1518 2145 τῆς
1552 2088 1627 2145 φύ-

277 2177 395 2215 σεως,
431 2160 503 2204 οἰκ
539 2161 587 2204 ἄν
622 2179 721 2205 ποτε
758 2164 955 2219 διέφερον
988 2160 1177 2219 ἀλλήλων
1210 2166 1253 2203 αἱ
1289 2158 1445 2218 ἡδοναί.

281 2236 347 2281 ‘Si
395 2237 695 2280 cumularetur
747 2238 959 2292 voluptas
1023 2238 1163 2279 amnis
1213 2239 1410 2289 tempore
1459 2239 1499 2278 et
1543 2246 1626 2290 per

280 2310 432 2352 ‘totam
468 2311 784 2352 concretionem
828 2308 965 2363 fieret
1000 2313 1076 2352 aut
1127 2310 1320 2351 maxime
1348 2308 1626 2362 principales

287 2381 490 2424 ‘naturae
549 2385 721 2436 parteS,
785 2393 1066 2436 nequaquam
1123 2394 1149 2423 a
1203 2393 1251 2423 se
1304 2380 1486 2422 invicem
1538 2378 1625 2433 dif-

281 2451 465 2507 ‘ferrent
498 2453 778 2507 voluptates'.
