1970 3452
331 548 637 592 ‘entschlusses
683 548 779 603 jene
822 547 1140 603 regelm'assigen
1175 546 1486 602 Bewegungen
1535 548 1765 590 austuhren

333 621 510 663 ‘sollen‘.

331 692 447 733 Haec
481 692 689 733 hactenus
730 692 781 732 de
816 693 1089 744 argumento;
1142 702 1282 744 neque
1316 690 1427 733 falso
1463 701 1557 732 mea
1592 691 1766 744 quidem

212 762 423 804 sententia
473 762 659 814 disputat
705 761 942 815 Briegerus,
993 762 1071 802 sed
1120 772 1383 814 quamquam
1434 764 1544 803 recte
1594 772 1770 814 quoque

214 835 335 874 veslit
369 833 499 874 Verba
533 833 687 874 ‘tradita
718 830 823 887 Δμήτε
856 831 909 871 (cl
944 832 1028 883 ,7⁹fo
1062 826 1148 883 ἅμα
1182 828 1278 870 ὄντα
1329 836 1683 885 σιηέσιραμμένον
1716 856 1768 860 —

213 905 275 946 sic
309 904 433 945 velim
459 904 580 957 legas
605 915 700 945 cum
727 903 964 952 codicibus,
1001 904 1079 944 nisi
1114 903 1231 956 quod
1266 900 1429 955 s'mtvpc‘c
1464 897 1550 953 ἅμα
1585 903 1618 945 Β
1643 915 1768 956 prae-

213 977 295 1025 bet,
332 975 487 1017 omittit
521 969 606 1024 ἅμα
641 974 670 1016 Ρ
704 999 756 1003 -
793 975 1011 1016 ‘wahrend
1046 975 1109 1016 sie
1141 974 1608 1028 zusammengeballtes
1638 974 1771 1016 Feuer

212 1045 338 1095 sind',
385 1048 525 1087 tamen
560 1046 723 1098 spernit
758 1057 808 1087 ea
842 1057 952 1098 quae
1003 1047 1175 1087 exarata
1207 1047 1354 1087 extant
1388 1046 1515 1095 libriS,
1567 1044 1773 1099 proponit

212 1117 441 1170 legendum
475 1110 576 1170 .¹‘¹fT‘
614 1106 666 1155 αἶ’
700 1113 812 1169 πυρὰ
845 1110 931 1166 ἶῖλιια
965 1112 1061 1155 ὄντα
1096 1119 1444 1169 συνεστραμμένα.

331 1187 468 1228 Moris
507 1190 649 1229 autem
700 1190 763 1229 est
796 1187 1006 1239 epistulae
1040 1187 1313 1229 Herodoteae
1361 1190 1578 1240 tamquam
1628 1187 1773 1230 thema

214 1259 363 1312 primis
397 1258 662 1311 singularum
699 1257 1000 1310 particularum
1036 1258 1180 1298 verbis
1214 1257 1368 1307 dicere,
1402 1269 1488 1310 qua
1521 1258 1575 1299 de
1611 1271 1654 1300 re
1688 1258 1770 1299 iam

213 1331 374 1382 agatur.
440 1327 510 1371 Sic
544 1328 777 1381 praecipue
826 1328 892 1369 hic
928 1339 1117 1380 quoque,
1168 1327 1239 1369 ubi
1274 1330 1479 1380 sequatur
1530 1329 1771 1382 propositio

214 1400 483 1454 longissima.
550 1399 597 1440 Et
628 1400 697 1437 καὶ
731 1395 813 1453 μὴν
846 1402 889 1437 ἐν
913 1403 997 1445 τοῖς
1025 1400 1254 1451 λικετιε·(ι’)ρ()ις
1286 1398 1389 1439 illud
1416 1410 1457 1452 p.
1482 1400 1612 1448 27,17
1648 1401 1773 1453 quasi

215 1472 454 1524 emphatice
504 1470 788 1523 praemissum
831 1472 973 1511 manet
1022 1470 1061 1510 in
1097 1470 1267 1511 auribus
1318 1471 1487 1520 nostris,
1537 1472 1571 1512 si
1617 1473 1773 1512 attente

216 1543 414 1595 legimus,
466 1553 542 1594 per
574 1544 707 1583 totum
744 1542 1020 1582 enuntiatum.
1087 1539 1222 1584 Cuius
1272 1542 1409 1594 priore
1443 1541 1617 1594 quidem
1652 1545 1773 1596 parte

214 1616 341 1666 negat
376 1613 580 1666 Epicurus
616 1614 669 1653 ·in
696 1613 895 1654 meteoris
927 1615 1089 1653 motum
1125 1615 1164 1654 et
1189 1613 1519 1654 conversionem
1545 1624 1594 1655 ac
1628 1613 1776 1655 defec—

214 1688 299 1726 tum
336 1688 560 1737 ortumque
595 1687 633 1726 et
667 1695 814 1726 casum
865 1687 904 1725 et
952 1685 1017 1725 his
1066 1684 1219 1726 similia
1255 1695 1329 1737 per
1376 1684 1486 1726 deos
1535 1684 1625 1726 fieri
1675 1696 1772 1727 esse

216 1755 563 1798 existimandum'
600 1754 661 1809 (p.
698 1756 858 1797 27.17-
891 1754 1032 1810 28‚3);
1083 1758 1212 1808 atque
1247 1757 1441 1808 protinus
1482 1757 1674 1797 oratione
1709 1756 1774 1797 di-

215 1830 327 1869 recta
361 1827 473 1868 haud
508 1828 658 1880 paucis
692 1827 834 1869 verbis
858 1838 1013 1869 causas
1047 1827 1237 1881 adiungit
1271 1825 1333 1880 (p.
1358 1825 1591 1880 28‚3—6),·
1625 1829 1663 1869 et
1691 1828 1773 1869 iam

215 1898 426 1940 habemus
460 1898 786 1946 anacoluthum;
839 1910 935 1940 nam
985 1899 1175 1951 sequitur
1223 1898 1354 1940 altera
1402 1909 1503 1951 pars
1551 1899 1774 1940 enuntiati:

215 1969 406 2010 meminit
441 1969 648 2022 Epicurus
682 1969 793 2010 illius
827 1968 896 2008 δεῖ
925 1969 1105 2019 ινολιιίζὲιν
1138 1967 1200 2023 (p.
1237 1968 1370 2023 28,1),
1406 1969 1519 2011 unde
1552 1969 1774 2023 pendebat

214 2040 329 2093 prior
362 2051 474 2093 pars.
511 2041 700 2081 meminit
733 2039 846 2081 illius
880 2040 1035 2093 prioris
1067 2037 1169 2094 μήτε
1222 2038 1283 2093 (p.
1320 2037 1454 2093 28,1)‚
1491 2041 1684 2082 meminit
1718 2041 1771 2082 de

216 2112 416 2153 meteoris
464 2112 533 2164 agi
581 2114 619 2152 et
667 2112 804 2165 pergit
852 2111 1043 2152 oratione
1094 2111 1297 2153 indirecta
1336 2108 1440 2164 Δμήτε.
1476 2102 1644 2161 αὗ,..,
1695 2111 1771 2154 sed

214 2183 451 2224 subiectum
488 2182 722 2224 accusativi
755 2194 851 2224 cum
886 2182 1113 2231 infinitivo,
1148 2183 1267 2236 quod
1302 2193 1354 2223 ex
1378 2183 1773 2235 praecendentibus

215 2254 359 2295 animo
393 2253 637 2306 supplebat,
679 2249 723 2291 τὰ
755 2256 946 2303 Δμετέωρα
981 2253 1122 2306 priore
1147 2256 1263 2306 parte
1289 2253 1431 2294 charta
1466 2265 1551 2294 non
1577 2254 1772 2302 extabat;

214 2324 356 2376 itaque
391 2325 537 2366 iterum
585 2325 890 2366 anacoluthum
933 2325 1076 2365 oritur.
1145 2323 1260 2366 Etsi
1311 2335 1398 2365 rem
1447 2325 1770 2378 grammaticam

216 2397 375 2436 tantum
412 2399 597 2448 spectas,
633 2396 818 2448 graviter
851 2396 1047 2445 laederis,
1099 2396 1132 2437 si
1175 2406 1352 2438 sensum
1387 2397 1566 2445 tantum,
1602 2395 1700 2437 nihil
1735 2398 1774 2437 te

216 2466 410 2515 offendit,
461 2468 561 2519 quia
594 2467 899 2509 anacoluthum
935 2467 1005 2508 vix
1041 2467 1370 2516 animadvertis;
1421 2468 1486 2508 sin
1536 2469 1677 2508 autem
1712 2467 1775 2508 vir

216 2549 313 2578 vere
347 2538 515 2579 criticus
549 2541 587 2579 et
625 2538 707 2580 hoc
733 2540 771 2580 et
796 2538 897 2580 illud
923 2539 1140 2591 respicies,
1177 2538 1482 2580 anacoluthum
1518 2539 1586 2579 hic
1609 2539 1772 2590 optime

216 2611 325 2649 stare
360 2619 492 2661 posse
517 2609 695 2650 libenter
720 2609 950 2659 concedes,
987 2610 1098 2663 quia,
1136 2610 1239 2662 quid
1266 2608 1559 2663 philosophus
1583 2609 1774 2651 dicturus
1814 2620 1818 2625 ’

215 2678 350 2727 tuerit,
385 2681 445 2721 sic
481 2681 641 2734 optime
676 2684 896 2734 appareat.

334 2750 521 2792 Tantum
557 2763 638 2804 ego
675 2757 716 2794 ut
749 2753 978 2795 lectionem
1013 2753 1208 2795 traditam
1244 2752 1490 2802 defendam,
1528 2753 1609 2794 iam
1646 2752 1772 2794 lectio

215 2822 366 2861 tradita
400 2833 446 2862 se
480 2823 575 2874 ipsa
609 2822 849 2865 defendito!

336 2892 444 2932 Nam
482 2887 566 2942 &sm
600 2894 700 2935 illud
737 2896 869 2936 omitti
906 2907 992 2936 non
1026 2907 1171 2948 posse,
1206 2895 1247 2936 id
1283 2895 1400 2948 quod
1426 2894 1652 2948 Briegerus
1688 2894 1711 2934 l.
1748 2895 1772 2936 l.

217 2974 258 3016 p.
295 2961 362 3010 20,
398 2963 478 3003 iam
516 2964 688 3014 dixerat,
725 2978 810 3006 non
835 2966 976 3008 solum
1011 2977 1166 3008 sensus
1199 2966 1276 3007 sed
1312 2966 1436 3007 etiam
1469 2965 1773 3008 concinnitatis
