1970 3452
927 481 1176 520 „0-

272 615 371 656 time
405 615 638 656 restitutum
675 615 738 655 est
771 614 838 651 καὶ
887 615 984 655 ante
1018 625 1171 656 vocem
1208 613 1388 664 συνεχῶς
1421 615 1474 656 ab
1525 615 1828 668 interpolatore

274 684 359 734 illo,
396 685 517 726 cuius
553 695 723 725 manum
761 684 900 725 codex
936 682 974 726 G
1008 684 1155 735 reddit,
1191 696 1377 737 eumque
1410 687 1562 727 secuto
1587 683 1825 739 Stephano.

393 754 667 808 Recipiamus
701 755 825 808 igitur
857 767 881 796 a
907 752 1166 797 Croenerto:
1203 757 1272 794 καί
1296 755 1557 797 movendum
1584 767 1680 798 esse
1715 757 1828 807 loco,

273 826 532 879 recipiamus
581 826 633 867 ab
684 825 783 866 illis:
840 827 910 864 καί
957 827 1207 878 ponendum
1264 837 1361 868 esse
1416 828 1513 868 ante
1565 825 1742 877 συνεχῶς
1792 830 1831 870 et

270 898 484 951 legamus:

272 980 313 1021 p.
347 968 448 1017 3‚l3
485 965 703 1019 βαδιστέον
719 969 795 1017 μὲν
812 966 884 1006 οὖν
902 962 976 1005 ἐκ)
996 969 1183 1018 ἐκεῖνα,
1210 969 1289 1007 καὶ
1310 968 1528 1019 συνεχῶς
1545 983 1594 1008 εν
1616 967 1670 1023 τῇ
1688 966 1830 1024 μνήμῃ

482 1034 527 1076 τὸ
561 1036 755 1077 τοσοῦτον
789 1041 987 1091 ποιητέον
1020 1041 1101 1078 ma.

509 1106 816 1163 ‘pergendum4
848 1109 982 1162 igitur
1013 1110 1073 1151 ad
1107 1110 1187 1152 illa
1221 1113 1262 1152 et
1290 1114 1506 1165 perpetuo
1541 1112 1582 1153 in
1620 1112 1830 1153 memoria

485 1182 664 1224 ‘tantum
692 1179 953 1234 faciendum
989 1180 1082 1223 etc.'

1024 1523 1071 1565 ll.

269 1604 309 1645 p.
345 1593 416 1642 5,ss
1643 1599 1827 1637 ἔπειτα

482 1662 601 1704 κατὰ
621 1663 695 1713 τὰς
711 1662 934 1720 αἰσθήσεις
954 1664 1023 1704 δεῖ
1036 1662 1102 1704 [τά
1115 1680 1132 1704 ν
1146 1680 1199 1704 τα
1218 1669 1357 1719 τηρεῖν
1376 1667 1444 1704 καὶ
1463 1661 1609 1714 (ἷπλιῖς,
1628 1665 1702 1715 τὰς
1721 1682 1826 1721 παρ-

480 1732 604 1782 ούσας
637 1733 840 1787 ἐπιβολὰς
873 1735 916 1774 εἴ
943 1749 985 1774 τε
1020 1734 1207 1782 διανοίας
1240 1736 1283 1774 εἴ
1312 1731 1357 1774 θ’
1394 1730 1491 1775 ὅτου
1525 1734 1574 1791 δή
1610 1751 1709 1777 ποτε
1746 1737 1828 1778 τῶν

483 1809 717 1860 κριτηρίων,
753 1802 909 1857 ὁμοίως
935 1806 979 1845 δὲ
1003 1807 1070 1845 καὶ
1104 1803 1154 1845 τὰ
1184 1801 1426 1860 ’ὑπάρχοντα
1450 1804 1591 1862 πάθη,
1627 1802 1744 1856 ὅπως
1779 1803 1828 1848 ἂν

371 1877 422 1918 lO
486 1879 554 1915 καὶ
586 1873 631 1916 sco*
683 1881 914 1931 fcpoquefvm'
962 1878 1031 1917 καὶ
1073 1874 1116 1916 τὸ
1152 1873 1306 1932 ἄδηλον
1337 1880 1503 1929 ἔχωμεν
1535 1879 1596 1926 οἷς
1644 1892 1823 1933 σημειω-

479 1944 661 1998 σόμεθα.

478 2016 500 2051 6
527 2016 649 2050 ἔπειτα
676 2017 733 2052 vel
762 2017 900 2051 ἔπειτεν
928 2016 1134 2052 Usenerus:
1176 2017 1246 2051 εἴτε
1273 2018 1370 2053 libri:
1401 2018 1477 2052 εἶτα
1505 2017 1726 2054 GassenduS
1801 2020 1822 2054 7

479 2074 593 2109 πάντα
621 2085 693 2111 om.
722 2076 758 2110 F.
810 2075 886 2120 τιὶς]
916 2074 1008 2117 μετά
1035 2077 1098 2115 τὰς
1125 2075 1361 2111 Gassendus.

382 2139 530 2175 ἔπειτα
580 2149 666 2178 vox
716 2149 810 2178 cum
862 2149 1032 2190 perraro
1067 2138 1278 2179 invenitur
1328 2138 1368 2178 in
1417 2139 1616 2192 genuinis
1651 2138 1820 2192 Epicuri

264 2207 418 2248 libellis
466 2206 647 2260 (tantum
700 2219 739 2259 p.
790 2208 918 2257 5417
968 2203 1149 2246 κᾶπειτα
1199 2210 1238 2249 et
1287 2219 1326 2260 p.
1362 2208 1515 2258 283‚11
1555 2212 1717 2258 ἔπειτα,
1768 2222 1821 2252 an

265 2277 531 2325 PlutarchiP)
582 2281 668 2320 tum
704 2290 883 2331 prorsus
931 2278 1071 2320 aliena
1120 2281 1183 2320 est
1232 2279 1286 2321 ab
1335 2280 1521 2333 epistula
1555 2280 1815 2323 Herodotea.

262 2350 428 2387 ἔπειτεν
462 2361 548 2390 non
600 2349 807 2390 invenitur
855 2350 895 2390 in
932 2349 1164 2402 Epicureis,
1230 2350 1333 2398 εἶτα,
1384 2351 1454 2392 ubi
1505 2352 1701 2393 traditum
1751 2355 1815 2394 est

265 2416 324 2471 (p.
367 2419 461 2468 123
494 2419 623 2468 22‚19
657 2420 786 2469 3512
819 2419 940 2474 503)
975 2420 1200 2463 adhibetur
1251 2433 1336 2463 non
1389 2423 1465 2464 nisi
1501 2423 1555 2464 ad
1590 2423 1815 2477 participia

265 2491 477 2542 quaedam
513 2492 829 2544 coniungenda,
866 2492 1042 2545 reliquis
1078 2492 1185 2534 locis
1218 2495 1288 2535 aut
1312 2495 1554 2536 coniectura
1588 2497 1723 2536 ortum
1758 2498 1821 2537 est

262 2560 323 2614 (p.
358 2562 508 2615 48,17)
543 2565 612 2604 aut
646 2564 830 2605 lectione
864 2564 995 2606 dubia
1028 2565 1170 2606 nititur
1205 2563 1265 2618 (p.
1295 2565 1419 2614 10,14
1452 2564 1615 2619 5419).
1682 2566 1818 2609 Noles

263 2632 386 2683 igitur
418 2633 567 2673 horum
617 2633 777 2686 aliquid
828 2634 1043 2675 inculcare
1080 2635 1247 2687 Epicuri
1297 2636 1500 2685 sermoni,
1536 2637 1698 2690 quippe
1747 2638 1817 2690 qui

262 2701 387 2742 etiarn
423 2703 461 2742 in
487 2702 848 2744 levidensioribus
882 2704 963 2745 sibi
990 2706 1158 2746 constet
1182 2715 1320 2757 paene
1354 2706 1502 2746 mirum
1539 2706 1578 2747 in
1604 2705 1816 2748 modums’.

262 2771 398 2813 Nlulto
434 2774 571 2825 magis
605 2774 833 2827 adaptatae
868 2776 965 2816 sunt
999 2775 1165 2828 Epicuri
1201 2776 1292 2816 usui
1327 2775 1511 2825 dicendi,
1555 2788 1666 2829 quae
1701 2777 1814 2818 haud

379 2899 410 2932 4.
439 2898 496 2941 Ut,
517 2901 709 2943 quomodo
729 2901 954 2946 interpreter,
975 2903 1184 2938 accuratius
1203 2913 1427 2947 cognoscas,
1456 2904 1588 2939 Cobeti
1606 2905 1817 2941 versionem

263 2956 293 2990 ei
321 2958 518 2999 contextui,
548 2969 656 3003 quem
686 2961 869 3003 constitui,
899 2963 1114 3006 adaptatam
1143 2961 1298 3006 singulis
1325 2962 1419 2997 locis
1446 2972 1611 3007 appono.

379 3023 410 3056 5.
439 3021 493 3057 Ci.
534 3033 628 3067 quae
656 3026 702 3060 ad
731 3036 763 3070 p.
792 3026 872 3068 5,12
898 3028 944 3062 de
971 3038 1038 3063 usu
1066 3029 1172 3064 vocis
1189 3024 1258 3065 δεῖ
1271 3031 1402 3076 collegi
1434 3042 1467 3076 p.
1493 3032 1515 3066 9
1546 3031 1652 3066 huius
1685 3042 1816 3077 opusc.
