1970 3452
908 463 1187 503 „20-

1021 595 1076 638 Χ.

268 677 450 728 p.25‚17
1647 676 1747 720 Ἔτι
1782 679 1826 720 a&

268 760 308 801 p.
343 747 436 796 26,1
484 749 562 786 καὶ
595 745 691 796 τοὺς
714 743 894 799 κόσμους
923 746 1016 789 οὔτε
1041 748 1086 798 ἐξ
1107 744 1289 804 (Ξνάγκης
1323 749 1393 790 δεῖ
1409 750 1590 802 νομίζειν
1624 753 1694 791 ἕνα
1727 763 1825 804 σχη-

479 816 688 869 ματισμὸν
719 822 890 870 ἔχοντας
924 824 1004 860 κτέ.

487 900 498 933 l
529 903 586 933 καὶ
612 909 685 934 om.
714 900 742 934 Β
769 900 823 935 ΡΙ.

508 969 699 1021 Cronert,
752 971 828 1017 Ru.
879 973 937 1014 M.
973 973 1030 1014 62
1065 971 1220 1027 (1907)
1271 985 1310 1027 p.
1350 974 1449 1015 129:
1501 976 1577 1014 ιἔτι
1611 973 1675 1015 dg:
1730 975 1828 1017 hinc

390 1045 639 1098 ‘corrigatur
674 1044 853 1087 Useneri
899 1047 1146 1088 observatio
1196 1059 1237 1100 p.
1269 1045 1365 1088 XIX
1411 1047 1550 1089 solum
1600 1049 1663 1087 ἔτι
1694 1062 1737 1087 τε
1787 1049 1828 1089 in

390 1115 572 1168 ‘Epicuri
623 1117 797 1169 scriptis
831 1116 1017 1158 dilucide
1050 1117 1157 1159 tradi
1207 1116 1463 1159 affirmantis
1497 1129 1638 1170 neque
1686 1117 1828 1160 licebit

388 1188 458 1225 ίἔτι
496 1185 567 1242 ὁ]έ
615 1187 866 1229 addubitare
903 1187 1007 1240 Pap.
1049 1187 1171 1237 1056,
1223 1188 1303 1229 col.
1345 1188 1469 1239 12‚12
1504 1186 1699 1242 (Wiener
1731 1187 1831 1232 Stu-

389 1258 498 1299 ‘dien
533 1258 544 1299 I
570 1257 657 1312 29).
695 1259 887 1300 Similiter
910 1256 1017 1311 πρός
1039 1273 1081 1297 τε
1105 1255 1268 1307 τούτοις
1292 1259 1428 1302 habes
1461 1259 1498 1300 X
1527 1259 1584 1301 24
1618 1257 1680 1314 (p.
1706 1259 1828 1315 7‚l7)

388 1330 441 1370 ‘et
473 1329 529 1370 48
563 1328 703 1383 (ll‚2)
740 1329 817 1371 Sed
852 1326 960 1382 πρὸς
1009 1328 1053 1369 δὲ
1084 1327 1246 1378 τούτοις
1279 1329 1335 1372 56
1368 1327 1505 1383 (16,1)
1555 1334 1641 1372 tum
1677 1333 1752 1370 ἐπί
1786 1345 1827 1371 τε

389 1402 490 1447 (τοῖς
533 1404 857 1454 προειρημέιοις
890 1401 945 1442 73
979 1398 1163 1455 (25,]1),
1199 1412 1344 1443 rursus
1378 1402 1452 1440 ἐπὶ
1501 1400 1544 1441 δὲ
1578 1398 1739 1450 τούτοις
1772 1402 1822 1444 81

390 1468 571 1524 ‘(30‚8)’.

388 1553 478 1595 Hac
514 1553 554 1595 in
589 1566 631 1595 re
665 1556 731 1596 sto
765 1554 821 1596 ab
857 1552 1066 1604 Usenero,
1117 1554 1195 1596 sed
1229 1555 1296 1604 ita,
1347 1556 1390 1596 ut
1423 1566 1532 1608 quae
1581 1555 1831 1597 observavit

268 1625 302 1666 is
337 1625 398 1665 vir
422 1624 591 1674 doctus,
629 1625 683 1667 ad
707 1627 868 1666 textum
894 1628 1005 1667 recte
1031 1626 1382 1668 constituendum
1406 1625 1649 1668 adhibeam.
1715 1625 1827 1668 Nam

270 1707 365 1737 cum
402 1708 550 1749 parum
604 1700 667 1739 est
708 1698 944 1752 argumenti
979 1700 1037 1737 ἔτι
1074 1696 1146 1753 ὂ]έ
1179 1696 1281 1739 illud
1317 1699 1483 1753 papyri,
1532 1701 1620 1740 tum
1655 1708 1832 1752 prorsus

269 1766 368 1808 nihil
405 1767 457 1809 ad
482 1770 543 1807 ἔτι
563 1780 614 1810 ea
643 1769 858 1822 exempla,
894 1780 1006 1822 quae
1029 1770 1083 1811 ad
1109 1771 1184 1808 ἐπί
1216 1772 1256 1811 et
1279 1766 1386 1821 πρός
1408 1769 1532 1811 affert
1557 1768 1828 1812 Croenertus.

270 1837 408 1879 Multo
443 1841 617 1892 gravius
659 1843 955 1894 argumentum
990 1852 1067 1893 pro
1101 1842 1161 1879 ἔτι
1196 1855 1251 1890 τε,
1302 1852 1414 1893 quae
1450 1838 1670 1883 Usenerus
1704 1839 1828 1882 affert

270 1909 423 1950 similia
457 1909 510 1951 ad
537 1910 648 1952 hunc
673 1910 814 1952 solum
850 1922 973 1952 usum
1000 1924 1040 1965 p.
1066 1911 1173 1953 XIX.
1238 1910 1431 1960 Accedit,
1467 1912 1585 1964 quod
1609 1912 1681 1950 καί
1713 1910 1829 1958 illud,
1898 1955 1903 1959 ζ

269 1991 309 2032 p.
359 1980 472 2030 26,1,
523 1982 577 2022 ab
629 1982 836 2031 Usenero,
888 1994 1151 2035 quamquam
1202 1982 1380 2036 optimis
1429 1983 1654 2025 codicibus
1702 1982 1737 2024 Β
1778 1980 1825 2024 Ρ]

269 2063 355 2092 non
391 2052 577 2102 traditur,
613 2053 655 2094 in
679 2056 840 2095 textum
865 2056 1083 2107 receptum
1119 2054 1293 2095 minime
1326 2054 1497 2096 tolerari
1533 2056 1693 2107 potest,
1729 2054 1830 2107 quia

268 2122 350 2164 iam
387 2124 425 2164 in
460 2125 832 2176 praecedentibus,
870 2138 910 2179 p.
945 2125 1070 2175 25‚11
1112 2126 1165 2168 de
1190 2121 1362 2176 κόαιιοις
1396 2126 1550 2179 agitur;
1593 2137 1678 2179 qua
1712 2125 1830 2167 varia
1900 2128 1903 2131 '

270 2193 451 2236 lectione
486 2207 573 2237 non
608 2197 752 2238 omnia
786 2197 868 2238 hoc
903 2208 1078 2250 quoque
1113 2197 1211 2243 loco
1245 2199 1330 2240 tam
1365 2198 1476 2239 bene
1525 2197 1677 2239 tradita
1716 2207 1827 2247 esse,

270 2276 379 2317 quae
414 2265 667 2308 addubitare
702 2279 788 2308 non
823 2267 958 2317 liceat,
994 2279 1230 2309 monemur.

389 2346 480 2401 Ego
505 2348 631 2390 valde
654 2349 863 2391 addubito
897 2352 936 2391 et
969 2350 1038 2391 hic
1063 2361 1239 2403 quoque
1275 2351 1440 2392 omisso
1475 2350 1545 2392 illo
1570 2351 1640 2389 καὶ
1687 2352 1750 2390 ἔτι
1785 2365 1827 2390 τε

268 2418 542 2460 scribendum
593 2430 689 2460 esse
724 2431 897 2462 censeo.
965 2418 1089 2470 Quae
1133 2432 1228 2462 cum
1264 2421 1507 2470 restitueris,
1557 2421 1684 2462 velim
1719 2432 1826 2463 con-

267 2489 391 2538 feras,
448 2501 558 2542 quae
607 2490 661 2531 ad
709 2503 749 2544 p.
785 2491 855 2540 5‚6
906 2489 965 2545 (p.
999 2493 1024 2532 7
1074 2491 1200 2535 huius
1246 2491 1467 2547 opusculi)
1518 2492 1671 2546 collegi
1713 2493 1828 2535 initia

269 2561 627 2613 propositionum,
662 2564 791 2614 atque
825 2563 1039 2616 gaudebis
1073 2575 1159 2604 non
1195 2563 1279 2604 iam
1315 2563 1425 2605 laedi
1452 2574 1615 2605 morem
1651 2562 1824 2605 dicendi

271 2630 480 2682 epistulae
505 2631 791 2682 Herodoteae‚
828 2644 955 2685 quem
981 2633 1107 2675 etiam
1142 2634 1182 2674 in
1218 2634 1403 2675 minutiis
1437 2633 1518 2675 sibi
1554 2635 1825 2676 constantem

269 2710 365 2741 esse
399 2712 526 2754 supra
560 2704 819 2745 monuimus.

388 2783 526 2837 Legas
559 2785 703 2838 igitur:

270 2853 446 2906 p.25,17
1011 2860 1021 2871 ⁵
1673 2860 1747 2897 ἔτι
1779 2872 1830 2897 τε

271 2935 310 2976 p.
346 2925 437 2973 26‚1
490 2922 579 2972 τοῖς
624 2924 803 2977 κόσμοι-ς
850 2924 942 2966 οἷ’τε
992 2928 1035 2975 ἐξ
1068 2922 1249 2983 ἀνάγκης
1287 2926 1357 2968 δεῖ
1382 2929 1566 2979 νομίζειν
1612 2931 1682 2968 ἕνα
1730 2941 1827 2983 σχη-

481 2995 688 3048 μαῑισμὸν
721 3001 891 3049 ἄγοντας
923 3002 1004 3041 κτὲ.
