1970 3452
708 415 985 454 ⁵19„

63 552 187 599 caret,
238 562 378 604 neque
441 553 585 593 sensui
636 563 777 605 neque
842 551 896 592 rei
949 552 1255 605 grammaticae
1292 551 1459 592 satisfit.
1510 551 1622 592 Nam

60 621 275 674 glossario
310 622 479 666 doceris
513 635 598 665 uno
634 622 731 664 loco
768 619 947 673 πάσχειν
969 623 1168 664 absolute
1205 623 1413 676 usurpari,
1451 624 1626 675 propter

61 693 312 735 antithesin:
338 705 378 747 p.
403 694 501 739 223
536 691 581 733 τὸ
617 693 661 733 δὲ
697 691 814 733 κενὸν
846 689 940 733 οὔτε
967 693 1143 747 [ποιῆσαι
1177 689 1267 732 οἵη
1307 695 1470 732 παθεῖν
1503 687 1623 731 ὁιίνα-

65 778 142 812 mc,
178 764 354 818 reliquis
389 765 498 807 locis
532 778 627 808 cum
664 766 836 807 obiecto
873 766 1099 819 coniungi:
1136 777 1176 818 p.
1211 765 1305 814 144
1338 763 1479 818 (τοῐτο
1515 761 1625 802 ,τάσ-

60 832 190 890 χεινΙ)
226 836 326 886 22,6
359 836 460 887 27,6
493 836 634 885 3Ο,]5.
701 835 839 879 Facile
890 839 1030 878 autem
1076 836 1164 877 fieri
1203 838 1382 888 poterat,
1431 838 1473 877 ut
1506 833 1626 874 τοῦτο

63 906 146 948 hoc
180 907 276 948 loco
312 910 594 957 omitteretur;
645 919 740 949 nani
786 910 825 950 et
872 919 919 950 se
953 907 1173 961 excipiunt
1207 907 1339 948 verba
1388 906 1543 948 similia
1578 903 1627 944 τὰ

62 976 106 1017 δὲ
142 971 223 1017 {vrb
260 975 339 1016 τῶν
371 976 586 1017 τοιῶνδε]Β
619 977 737 1017 Ἰτοῦτο
771 981 812 1020 et
852 978 974 1020 fuerit
1022 978 1197 1020 forsitan
1233 979 1343 1031 quis,
1393 979 1463 1031 qui
1499 974 1547 1016 τὰ
1583 976 1628 1015 δέ

62 1049 279 1091 obiectum
315 1049 369 1089 ad
408 1043 620 1099 πάσχοντα
671 1050 882 1103 pertinere
915 1047 1133 1103 putaretlf'.
1200 1048 1299 1089 Noli
1351 1051 1627 1090 contemnere

63 1122 188 1162 etiam
215 1118 368 1164 Cobeti
395 1122 701 1167 auctoritatem,
737 1122 807 1174 qui
843 1132 1105 1174 quamquam
1142 1120 1182 1161 in
1209 1120 1360 1162 codice
1387 1118 1417 1160 F
1441 1120 1626 1161 maxime

63 1191 274 1233 nitebatur
307 1189 443 1244 (velut
481 1191 549 1233 hic
586 1190 754 1230 τοιόνδε
789 1204 841 1232 ex
876 1204 962 1233 uno
1003 1191 1155 1233 codice
1188 1191 1216 1232 Ρ
1250 1189 1445 1245 recepit),
1485 1193 1627 1232 tamen

64 1261 184 1301 τοῦτο
220 1263 403 1316 scripsit.
470 1260 669 1304 Ceterum
707 1265 746 1304 et
780 1263 956 1316 optimis
981 1262 1205 1304 codicibus
1241 1261 1274 1303 Β
1310 1260 1374 1311 ΡΙ,
1411 1261 1529 1314 quod
1565 1263 1628 1303 est

59 1334 390 1376 fundamentum
425 1334 589 1376 criseos
624 1334 881 1385 Laertianae,
917 1334 1111 1375 traditum
1148 1335 1211 1375 est
1244 1331 1374 1372 τοῦτο.
1412 1330 1627 1383 πάσχοντα

62 1407 216 1451 autem,
267 1404 385 1459 quod
420 1406 502 1446 iam
537 1404 745 1458 praebent
779 1405 1026 1453 deteriores,
1079 1417 1129 1446 ex
1180 1405 1306 1446 huius
1341 1405 1456 1446 verbi
1509 1404 1627 1445 obliti

62 1475 209 1530 procul
235 1475 370 1517 dubio
396 1476 435 1517 in
461 1477 699 1530 archetypo
727 1475 930 1529 reliquiis,
967 1488 1078 1529 quae
1114 1477 1391 1517 inveniuntur
1427 1476 1466 1517 in
1493 1475 1526 1516 Β
1561 1473 1627 1525 ΡΙ,

65 1560 167 1598 σχοα
201 1548 442 1589 coniectum
480 1549 592 1589 recte
628 1548 861 1589 restitutum
897 1559 993 1589 esse
1034 1548 1216 1596 videtur;
1254 1558 1350 1588 nam
1387 1547 1551 1600 optime
1586 1548 1624 1587 in

59 1619 361 1661 sententiarum
398 1630 610 1660 conexum
647 1618 842 1671 quadrat.
909 1618 957 1659 Et
990 1620 1076 1659 tum
1102 1618 1275 1659 demum
1311 1620 1422 1659 recte
1457 1616 1622 1659 intelle-

61 1690 215 1743 gimus,
252 1700 347 1730 cum
383 1688 552 1743 legitur:

61 1785 102 1826 p.
138 1773 268 1823 25,15
1102 1774 1169 1811 καὶ
1206 1767 1333 1810 ψάλιν
1368 1768 1624 1810 διαλύεσθαι

125 1832 135 1839 “
274 1841 421 1889 πάντα,
451 1841 495 1882 τὰ
518 1846 592 1894 μὲν
617 1843 788 1885 θᾶττον,
829 1841 872 1882 ri}
898 1843 939 1883 δὲ
964 1840 1230 1896 βραδύτερον,
1266 1844 1332 1881 καὶ
1364 1839 1410 1880 n}
1433 1844 1509 1892 μὲν
1545 1836 1626 1881 [πὸ

273 1915 356 1955 τῶν
379 1932 392 1954 '1
403 1914 563 1966 οιώινόε,
600 1912 648 1954 u}
673 1915 717 1954 δὲ
745 1910 824 1953 ιῗιιτὺ
850 1915 931 1953 ’τῶν
954 1914 1127 1954 romnis
1162 1914 1310 1954 τοῦτο
1347 1911 1630 1963 πάσχοντα,

181 1989 251 2031 ‘Et
275 1999 424 2030 rursus
448 1987 638 2030 dissolvi
661 1989 821 2037 omnia,
857 1988 1041 2030 celerius
1067 1988 1173 2035 alia,
1201 1987 1292 2028 alla
1317 1986 1501 2035 tardius,

176 2061 283 2101 ‘cum
319 2060 413 2102 alia
448 2060 528 2102 hoc
562 2059 619 2102 ab
653 2061 734 2109 llis,
773 2060 867 2102 alia
903 2060 962 2102 ab
996 2060 1088 2101 illis
1120 2057 1381 2113 paticzntur’.

60 2198 184 2234 sexies
225 2198 407 2233 invenitur
446 2202 480 2234 et
520 2199 555 2234 id
597 2198 801 2234 confertum
842 2198 875 2233 in
917 2198 1078 2242 spatium
1132 2198 1302 2233 sedecim
1344 2197 1627 2237 versiculorum,

61 2268 96 2302 p.
123 2258 372 2300 23‚14-24‚9.

181 2322 232 2358 18.
262 2323 327 2358 Hic
356 2323 426 2358 iam
455 2323 629 2358 confusio
658 2325 738 2358 orta
767 2325 822 2358 est
852 2323 979 2357 verbis
1009 2321 1215 2357 similibus:
1250 2315 1422 2357 τοιῶνδε
1463 2321 1488 2355 Ρ
1528 2316 1630 2355 τόν·

60 2389 105 2430 δε
135 2395 209 2430 det.
238 2396 295 2430 ed.
325 2389 407 2430 τῶν
439 2388 611 2430 τοιεῖνὸε
646 2395 787 2439 reliqui.

187 2466 234 2502 [9.
264 2465 366 2501 Cave
410 2470 519 2510 putes
562 2459 611 2501 τὰ
644 2466 720 2513 μέν
760 2469 794 2501 et
820 2459 870 2500 τὰ
905 2461 951 2501 δέ
1007 2466 1066 2500 illa
1111 2466 1324 2510 posteriora
1369 2464 1518 2499 obiecta
1574 2464 1621 2499 ad

60 2529 274 2583 πάσχοντα
337 2546 424 2572 esse
452 2547 588 2581 posse;
629 2547 747 2581 neque
789 2538 885 2572 enim
915 2537 960 2571 de
995 2547 1041 2571 eo
1069 2536 1197 2581 agitur,
1238 2536 1338 2580 quod
1379 2536 1530 2571 diversa
1558 2545 1625 2580 pa-

61 2608 194 2642 tiuntur
223 2609 346 2643 omnia
380 2610 447 2644 sed
485 2620 596 2644 unum
631 2611 702 2645 hoc
746 2602 1014 2645 διαλύεσθαι.
1095 2608 1156 2643 Sin
1213 2610 1334 2642 autem
1393 2607 1534 2642 mireris
1588 2617 1629 2642 se

60 2679 233 2724 excipere
274 2673 323 2714 τὰ
355 2678 429 2727 μὲν
457 2711 462 2718 .
491 2710 497 2717 .
525 2709 547 2727 .,
586 2675 632 2716 τὰ
663 2676 707 2717 δὲ
734 2711 740 2718 .
769 2712 774 2717 .
804 2710 810 2716 .
837 2678 906 2716 καὶ
940 2673 988 2715 τὰ
1017 2679 1093 2727 μὲν
1120 2709 1125 2715 .
1153 2709 1160 2716 .
1189 2709 1210 2725 .,
1246 2672 1295 2714 τὰ
1328 2674 1372 2715 δὲ
1400 2708 1406 2715 .
1433 2707 1468 2714 ..
1525 2679 1628 2713 eius-

60 2751 143 2786 dem
172 2761 296 2792 casus‚
326 2752 433 2786 velim
462 2752 646 2787 conteras.
675 2757 703 2782 e.
733 2760 765 2792 g.
794 2758 827 2792 p.
855 2747 936 2793 272
956 2761 1038 2795 sqq.
1082 2750 1124 2786 ἑν
1156 2749 1232 2797 μὲν
1264 2747 1344 2786 τισὶ
1377 2778 1385 2786 .
1410 2780 1417 2787 .
1505 2747 1548 2784 ἐν
1582 2743 1626 2785 δὲ

60 2820 141 2860 τισὶ
164 2852 171 2858 .
197 2853 204 2861 .
230 2852 236 2859 .
260 2821 329 2860 καὶ
362 2823 404 2859 ἑν
435 2822 511 2871 μὲν
544 2821 623 2860 τισὶ
649 2853 655 2860 .
769 2822 811 2859 ἐν
843 2817 889 2859 δὲ
928 2820 1004 2858 τισὶ
1030 2851 1036 2857 .
1063 2851 1070 2859 .

685 2852 741 2870 ..,
